2484 3992
514 284 830 411 πονο
1010 308 1069 413 1.01

89 497 187 561 στίαν
202 493 278 578 ίξίη,
296 494 496 579 μηχανήματ’
510 484 684 579 ἐπιστήσας
694 498 869 580 πολιοριίεῖ.
889 480 1072 562 'haizam

87 599 191 678 θέρος
221 599 277 663 καὶ
303 602 448 683 χειμῶν’,
483 598 526 675 ώς
554 601 654 665 οὐδὲν
680 601 846 684 διαφέρει,
879 601 950 665 οὐδ’
984 600 1073 665 έστλυ

89 701 254 786 ἐξαίρετος
268 705 339 788 ώρα
353 727 412 784 τις,
434 705 477 786 ἣν
491 705 660 771 διαλείπει.
690 714 795 771 ταῦτα
816 707 928 788 μέντοι
947 707 1073 780 πάντας
1081 721 1114 769 49

89 807 222 883 εἰδότας
236 807 291 870 καλ
305 809 532 890 λογιζομένους
554 807 596 873 οὑ
619 810 673 875 δεῖ
698 809 882 892 προσέσθαι
903 809 962 872 τὸν
982 810 1072 872 πόλε-

88 935 155 993 μον
177 912 226 988 είς
246 910 307 993 την
334 912 459 995 χώραν,
494 911 565 976 οὐδ’
589 912 636 988 εἰς
656 912 718 994 την
743 911 902 994 εὐήθειαν
929 912 990 995 την
1011 921 1071 976 τοῦ

89 1016 163 1079 τότε
186 1015 269 1098 πρὸς
291 1015 577 1097 Λακεδαιμονίους
598 1016 746 1099 πολέμου
767 1017 943 1098 βλέποντας
965 1015 1073 1100 έκτρα-

89 1122 304 1201 χηλισθῖγναι,
338 1120 405 1183 ἀλλ’
436 1118 481 1195 ώς
502 1119 539 1185 έκ
565 1122 719 1185 πλείστου
753 1123 977 1205 φυλάττεσθαι
1004 1129 1074 1196 τοῖς

89 1226 285 1308 πράγμασιν
295 1225 350 1287 καλ
364 1233 435 1298 ταῖς
444 1234 677 1307 παρασκευαῖς,
694 1225 781 1299 ὅπως
791 1227 925 1289 οἴκοθεν
932 1224 976 1306 μη
986 1225 1072 1305 κινή·

92 1344 183 1391 σεται
208 1336 421 1410 σκοποῦντας,
445 1326 518 1410 ούχλ
541 1329 789 1410 συμπλακέντας
810 1328 1072 1409 διαγωνίζεσθαι.

91 1431 174 1514 πρὸς
204 1430 265 1512 μὲν
291 1431 355 1513 γὰρ
381 1432 525 1513 πόλεμον
551 1432 656 1495 πολλά
684 1433 784 1516 φύσει
816 1431 1072 1514 πλεονεκτήμαθ’
1083 1446 1117 1493 σο

91 1534 171 1618 ἡμῖν
183 1534 334 1619 ὑπάρχει,
345 1538 388 1599 άν
398 1556 469 1620 περ,
483 1531 509 1601 ώ
521 1536 639 1620 ἄνδρες
647 1533 827 1619 Ἀθηναῖοι,
839 1547 947 1601 ποιεῖν
958 1536 1072 1601 ἐθέλοι·

92 1662 154 1721 μεν
177 1641 199 1702 οἳ
222 1640 282 1723 δεῖ,
306 1639 326 1722 ἡ
349 1639 450 1723 φύσις
471 1648 528 1721 τῆς
550 1638 679 1705 ἐκείνου
700 1646 816 1724 χώρας,
845 1639 884 1723 ης
907 1646 999 1725 ἄγειν
1019 1642 1075 1704 καὶ

8 1770 10 1777 ·
93 1743 208 1826 φέρειν
232 1742 299 1806 ἔστι
320 1742 444 1825 πολλὴν
457 1744 513 1808 καί
528 1751 636 1820 κακῶς
649 1753 766 1824 ποιεῖν,
791 1747 873 1808 ἄλλα
886 1746 1004 1826 μυρία·
1027 1745 1074 1820 εἰς

8 1844 9 1849 ’
93 1846 123 1908 δ’
147 1847 250 1930 ἀγῶν’
275 1851 410 1931 ἄμεινον
431 1847 525 1931 ὑμῶν
544 1846 671 1924 ἐκεῖνος
691 1851 840 1931 ἤσκηται.

201 1950 251 2014 Ού
284 1953 387 2033 μόνον
419 1952 456 2016 δὲ
483 1953 538 2017 δεῖ
564 1962 669 2018 ταῦτα
690 1958 884 2036 γιγνώσκειν
905 1952 985 2017 οὑδὲ
1006 1962 1075 2028 τοῖς
1084 1967 1115 2015 51

96 2055 204 2140 ἔργοις
218 2055 345 2121 ἐκεῖνον
360 2055 547 2138 ἀμύνεσθαι
567 2067 637 2132 τοῖς
658 2067 718 2121 τοῦ
740 2058 895 2141 πολέμου,
920 2057 1075 2121 ἀλλὰκαὶ

94 2169 139 2244 τώ
162 2163 305 2244 λογισμῷ
321 2161 377 2224 καλ
391 2168 430 2244 τῇ
446 2161 579 2247 διανοίη
593 2162 671 2238 τοὺς
685 2164 762 2245 παρ’
778 2162 858 2244 ὑμῖν
872 2161 956 2242 ὑπὲρ
971 2160 1075 2225 αὑτοῦ

95 2265 251 2347 λέγοντας
272 2272 420 2346 μισῆσαι,
443 2263 713 2349 ἐνθυμουμένους
736 2267 785 2331 ὅτι
807 2267 869 2331 οὐκ
892 2267 996 2331 ἔνεστι
1010 2275 1077 2330 τών

95 2378 153 2452 τῆς
174 2369 300 2443 πόλεως
321 2368 450 2453 έχθρών
471 2378 647 2452 κρατῆσαι,
670 2371 749 2454 πρὶν
772 2370 814 2434 ἂν
834 2371 912 2445 τοὺς
934 2369 971 2434 έν
993 2371 1076 2454 αὐτῇ

95 2481 135 2557 τῇ
158 2474 251 2542 πόλει
273 2473 432 2557 κολάσηθ’
454 2473 700 2558 ὑπηρετοῦντας
722 2472 866 2548 ἐκείνοις.
913 2473 931 2536 ὃ
953 2474 999 2555 μά
1021 2474 1118 2537 τδνσν

97 2577 166 2641 Δία
182 2577 238 2639 καλ
252 2577 330 2652 τοὺς
340 2579 460 2652 ἄλλους
470 2579 572 2652 θεοὺς
583 2578 626 2641 οὑ
637 2577 815 2660 δυνήσεσθ’
827 2577 920 2660 ὑμεῖς
930 2586 1076 2660 ποιῆσαι,

99 2680 168 2744 ἀλλ’
194 2680 241 2755 είς
261 2683 348 2746 τοῦτ’
371 2679 491 2764 ἀφῖχθε
513 2682 640 2765 μωρίας
661 2680 681 2762 ἢ
703 2684 887 2766 παρανοίας
908 2680 928 2764 ἢ
951 2717 995 2728 -
1015 2680 1077 2745 οὑκ

98 2784 160 2867 ἔχοι
183 2785 217 2846 τί
230 2783 314 2865 λέγω
337 2784 503 2865 (πολλάκις
517 2785 581 2867 γάρ
597 2783 698 2867 ἔμοιγ’
715 2784 894 2865 ἐπελήλυθε
908 2788 965 2850 καλ
979 2794 1078 2850 τοῦτο

99 2886 287 2968 φοβεῖσθαι,
303 2885 346 2968 μή
362 2908 394 2949 τι
408 2887 581 2969 δαιμόνιον,
595 2887 637 2950 τὰ
657 2886 818 2970 πράγματ’
835 2886 980 2971 έλαύνη),
996 2889 1078 2951 ώστε

98 2991 266 3075 λοιδορίας
281 2992 412 3075 φθόνον
429 2993 631 3074 σκώμματος,
647 2988 778 3073 ἧστινος
794 2992 836 3056 άν
850 2993 965 3074 τύχηθ’
981 2991 1075 3056 εἵνεκ’

101 3095 218 3174 αίτίας,
242 3094 440 3179 ἀνθρώπους
454 3097 651 3178 μισθωτούς,
674 3093 722 3157 ὧν
744 3094 816 3158 οὐδ’
840 3094 881 3157 ἂν
903 3095 1079 3178 ἀρνηθεῖεν

101 3197 183 3262 ένιοι
200 3196 244 3272 ώς
260 3198 322 3261 οὑκ
336 3198 420 3263 είσλν
433 3207 588 3278 τοιοῦτοι,
611 3198 717 3280 λέγειν
732 3199 878 3261 κελεύετε
892 3198 948 3260 καλ
962 3200 1077 3280 γελᾶτ’,

102 3304 144 3365 ἄν
165 3316 250 3365 τισιν
272 3301 523 3385 λοιδορηθῶσιν.
567 3303 624 3369 καλ
650 3302 726 3385 οὑχί
753 3321 805 3366 πω
831 3310 930 3365 τοῦτο
957 3302 1121 3382 &mama

102 3405 219 3488 καίπερ
242 3402 281 3467 ὂν
304 3405 431 3470 δεινόν·
454 3406 535 3469 άλλά
557 3406 613 3469 καί
636 3405 715 3488 μετὰ
737 3406 887 3479 πλείονος
901 3404 1080 3488 ἀσφαλείας

100 3510 332 3573 πολιτεύεσθαι
365 3509 529 3573 δεδώκατε
561 3510 692 3584 τούτοις
719 3509 740 3591 ἢ
769 3519 837 3586 τοῖς
869 3509 954 3593 ὑπὲρ
985 3509 1081 3590 ὑμών

101 3609 264 3695 λέγουσιν.
294 3614 400 3676 καίτοι
421 3615 594 3692 θεάσασθ’,
618 3614 697 3687 ὅσας
713 3614 884 3697 συμφοράς
897 3628 1079 3695 παρασκευ-

1074 3896 1109 3986 l
