2484 3992
135 270 177 337 92
387 271 479 336 VIII.
504 271 860 334 ΔΗΜΟΣΘΕΝΟῬΣ

106 461 243 543 τώσπερ
266 458 398 539 ἐκεῖνος,
421 460 463 523 οὐ
479 460 687 544 διαφέρομαι.
725 460 755 523 εί
769 460 807 523 δέ
820 481 869 535 τις
889 460 1016 542 ταύτην
1031 460 1118 542 είρή·

65 599 69 607 ¹
135 587 198 647 νην
219 564 463 646 ὑπολαμβάνει,
491 560 524 639 έξ
544 560 584 645 ἧς
607 561 730 638 ἐκεῖνος
750 564 858 626 πάνια
879 565 983 625 τᾶλλα
1004 561 1117 645 λαβὼν

135 667 186 752 ἐφ’
212 667 298 749 ἡμεῖς
324 664 407 749 ήξει,
440 673 572 749 πρῶτον
599 665 660 747 μὲν
682 668 846 748 μαίνεται,
875 665 971 729 ἔπειτ’
1000 664 1116 752 ἐκείνῳ

134 773 210 852 παρ’
223 770 326 853 ύμών,
350 770 409 853 οὐχ
431 770 510 852 ὑμῖν
529 772 605 852 παρ’
622 768 751 834 ἐκείνου
774 769 834 850 τήν
855 769 990 852 εἰρήνην
1011 771 1114 852 λέγει·

135 883 233 937 τοῦτο
255 874 285 937 δ’
310 872 399 937 ἐστὶν
421 872 439 935 ὃ
462 879 529 936 τών
551 871 819 953 ἀναλισκομένων
839 873 1014 954 χρημάτων
1034 876 1115 937 πάν·

134 1000 202 1042 των
226 977 386 1051 Φίλιππος
409 974 550 1055 ὠνεῖται,
575 974 674 1050 αὐτὸς
695 976 756 1056 μὲν
777 978 929 1056 πολεμεῖν
944 974 1034 1057 ὑμῖν,
1057 976 1114 1060 ὑφ’

138 1079 231 1161 ὑμῶν
254 1078 356 1160 δὲμὴ
379 1081 605 1160 πολεμεῖσθαι.

105 1199 121 1248 8
232 1182 301 1247 Καὶ
322 1182 387 1264 μήν
410 1182 438 1244 εί
458 1178 558 1264 μέχρι
569 1178 693 1263 τούτου
715 1190 966 1265 περιμενοῦμεν,
988 1180 1051 1256 ἕως
1074 1181 1117 1245 ἂν

135 1285 214 1368 ἡμῖν
236 1286 419 1369 ὁμολογήσῃ
441 1287 602 1366 πολεμεῖν,
625 1287 759 1348 πάντων
773 1284 871 1366 ἐσμέν
885 1285 1116 1366 εὐηθέστατοι·

135 1391 214 1456 οὐδὲ
236 1392 299 1473 γὰρ
323 1391 364 1455 ἂν
386 1389 440 1455 έπλ
461 1389 521 1472 τήν
541 1385 687 1471 Ἀττικήν
710 1389 814 1471 αὐτήν
835 1391 948 1473 βαδίζη
978 1391 1034 1453 καί
1057 1391 1117 1454 τὸν

138 1499 287 1575 Πειραιοῖ,
299 1497 386 1557 τοῦτ’
399 1493 475 1574 ἐρεῖ,
488 1496 578 1573 εἴπερ
590 1491 638 1567 οίς
647 1492 728 1575 πρὸς
739 1494 817 1568 τοὺς
829 1496 947 1568 ἄλλους
957 1497 1116 1576 πεποίηκε

105 1598 186 1661 οδεῖ
198 1597 440 1680 τεκμαίρεσθαι.
475 1605 574 1659 τούτο
596 1597 657 1678 μὲν
678 1596 742 1679 γὰρ
762 1594 944 1674 Ὀλυνθίοις
964 1601 1115 1683 τετταρά-

134 1704 221 1766 κοντ’
245 1702 374 1784 ἀπέχων
395 1708 452 1782 τής
470 1702 594 1776 πόλεως
609 1700 729 1764 στάδια
751 1696 849 1780 εἶπεν,
873 1702 923 1765 δ’τι
944 1703 998 1766 δεῖ
1018 1703 1117 1767 δυοῖν

134 1808 294 1887 θάτερον,
316 1805 336 1886 ή
359 1805 490 1879 κείνους
512 1803 549 1868 έν
569 1801 713 1887 Ὀλύνθῳ
736 1803 779 1887 μὴ
796 1806 897 1868 οίιιεῖν
918 1804 938 1887 ἢ
963 1805 1116 1871 αύτὸνέν

135 1908 345 1993 Μακεδονίᾳ,
372 1909 479 1973 πάντα
509 1907 571 1987 τὸνζ
595 1909 694 1971 ἄλλον
720 1909 854 1991 χρόνον,
883 1911 916 1972 εῖ
934 1930 982 1984 τις
1011 1909 1116 1973 αὐτὸν

136 2013 318 2076 αἰτιάσαιτό
340 2035 372 2076 τι
393 2020 555 2090 τοιοῦτον,
578 2011 772 2093 ἀγανακτῶν
795 2012 851 2074 καλ
865 2013 1114 2096 πρέσβειςπέμ-

135 2136 207 2178 πων
228 2115 307 2190 τοὺς
329 2113 651 2197 ἀπολογησομένους·
674 2124 772 2178 τοῦτο
794 2115 823 2176 δ’
847 2116 893 2191 είς
911 2117 1050 2192 Φωκέας
1073 2116 1115 2191 ὡς

134 2217 215 2299 πρὸς
237 2219 427 2300 συμμάχους
442 2216 625 2299 ἐπορεύετο,
640 2217 696 2280 καλ
706 2218 858 2301 πρέσβεις
870 2220 1015 2283 Φωκίων
1028 2215 1115 2301 ήσαν

135 2321 170 2382 οἳ
189 2322 470 2403 παρηκολούθουν
492 2322 581 2405 αὐτῷ
606 2324 827 2406 πορευομένῳ,
858 2323 914 2387 καὶ
934 2328 1010 2407 παρ’
1034 2324 1115 2406 ήμῖν

134 2424 246 2507 ήριζον
257 2423 289 2485 οἱ
299 2425 423 2503 πολλοί,
438 2424 596 2505 Θηβαίοις
613 2425 656 2487 οὐ
672 2426 896 2507 λυσιτελήσειν
908 2426 969 2508 τήν
984 2424 1113 2491 ἐκείνου

93 2542 124 2589 ιο
134 2528 292 2609 πάροδον.
336 2527 392 2590 καλ
424 2527 489 2610 μήν
515 2527 572 2590 καλ
596 2527 705 2610 Φερὰς
731 2530 847 2610 πρώην
876 2526 920 2604 ὡς
942 2531 1037 2613 φίλος
1058 2532 1114 2594 καί
1240 2552 1241 2573 ι

136 2630 301 2711 σύμμαχος
321 2630 374 2705 ἐἰς
398 2631 576 2693 Θετταλίαν
602 2630 710 2695 ἐλθὼν
731 2630 795 2713 ἔχει
822 2633 1029 2713 καταλαβών,
1059 2635 1115 2697 καὶ

135 2734 175 2795 τὰ
197 2735 367 2795 τελευταῖα
381 2742 448 2808 τοῖς
470 2735 688 2816 ταλαιπώροις
702 2730 857 2817 Ὠρείταις
879 2737 1027 2801 τουτοισὶ
1050 2738 1113 2802 έπι-

134 2836 356 2918 σκεψομένους
383 2836 445 2920 ἔφη
473 2838 552 2913 τοὺς
579 2843 776 2920 στρατιώτας
804 2842 1012 2922 πεπομφέναι
1044 2836 1110 2904 κατ’
1239 2848 1240 2851 ’

134 2944 284 3005 εὔνοιαν·
317 2943 549 3005 πυνθάνεσθαι
576 2941 641 3026 γὰρ
669 2943 791 3018 αὐτοὺς
820 2941 863 3017 ὡς
890 2952 1030 3007 νοσοῦσι
1058 2945 1132 3007 καὶ·

135 3046 374 3123 στασιάζουσιν,
399 3046 579 3128 συμμάχων
600 3045 630 3106 δ’
655 3040 808 3108 εἶναικαὶ
823 3046 929 3129 φίλων
944 3045 1114 3129 ἀληθινῶν

85 3165 114 3212 11
128 3148 164 3212 έν
185 3157 254 3222 τοῖς
275 3149 439 3222 τοιούτοις
460 3157 587 3232 καιροῖς
608 3158 771 3232 παρεῖναι.
806 3145 861 3213 εῖτ
878 3151 981 3213 οἴεσθ’
998 3153 1112 3230 αὐτόν,

135 3252 169 3314 οῖ
190 3250 348 3330 ἐποίησαν
369 3249 430 3330 μὲν
452 3251 552 3314 οὐδὲν
575 3251 617 3314 ἂν
639 3252 753 3332 κακόν,
776 3251 820 3333 μή
842 3257 964 3316 παθεῖν
986 3254 1015 3315 δ’
1037 3256 1112 3337 ἐφν-

135 3350 263 3428 λάξαντ’
278 3352 319 3415 ἂν
328 3355 416 3431 ἴσως,
428 3354 566 3429 τούτους
577 3354 639 3436 μὲν
645 3353 808 3430 ἐξαπατᾶν
815 3355 980 3438 αἱρεῖσθαι
988 3360 1112 3437 μᾶλλον

136 3454 154 3533 ή
178 3453 379 3535 προλέγοντα
401 3455 580 3534 βιάζεσθαι,
602 3456 682 3537 ύμῖν
704 3457 733 3520 δ’
749 3457 785 3521 έκ
799 3457 1008 3541 προρρήσεως
1021 3463 1111 3524 πολε-

94 3555 266 3635 τιμήσειν,
299 3555 355 3616 καί
376 3559 473 3618 ταῦθ’
498 3555 558 3633 ἕως
581 3558 622 3621 ἂν
644 3559 772 3634 ἑκόντες
794 3558 1015 3640 ἐξαπατᾶσθες
1049 3564 1111 3625 οὐκ
