2484 3992
161 227 203 291 62
430 227 488 292 VI.
513 228 868 292 ΔΗΜΟΣΘΕΝΟΥΣ

165 411 319 496 Ἕλληνας
341 417 485 479 εὔνοιαν.
529 417 586 479 καί
607 419 699 479 ταῦτ’
722 416 854 491 εἰκότως
875 415 1026 499 καὶπερὶ
1049 414 1152 497 ὑμῶν
1231 410 1236 465 ἶ

163 518 268 592 οὑτως
295 517 453 602 ὑπείληφε
485 520 541 582 καί
569 515 638 583 κατ’
659 515 814 603 Ἀργείων
841 519 897 581 καὶ
921 519 1077 601 Θηβαίων
1104 516 1152 593 ιὺς

167 621 292 705 ἑτέρως,
315 621 356 685 οὐ
379 624 483 704 μόνον
504 623 550 698 είς
570 623 611 686 τδι
632 624 772 706 παρόνθ’
797 621 893 703 δρῶν,
923 622 1083 685 ἀλλὰκαὶ
1107 622 1152 684 τδι

119 727 225 809 ιιπρὸ
253 727 381 790 τούτων
407 728 620 809 λογιζόμενος.
665 725 809 809 εὑρίσκει
834 730 913 809 γάρ,
942 722 1051 808 οἶμαι,
1086 726 1149 788 καί

162 830 277 894 ἀκούει
303 829 381 905 τοὺς
408 830 468 912 μὲν
495 829 674 914 ὑμετέρους
700 830 900 913 προγόνους,
928 827 1000 904 ἐξόν
1029 829 1148 904 αὐτοῖς

42 940 46 945 ’
157 943 223 997 τῶν
244 936 367 997 λοιπῶν
388 936 501 1017 ἄρχειν
518 930 683 1016 Ἑλλήνων
711 934 786 997 ὥστ’
810 932 933 1007 αὐτοὺς
956 932 1146 997 ὑπακούειν

158 1038 292 1119 βασιλεῖ,
316 1038 357 1101 οὐ
375 1038 477 1119 μόνον
493 1036 554 1100 οὐκ
570 1038 814 1121 ἀνασχομένους
827 1036 885 1100 τὸν
899 1038 997 1117 λόγον
1010 1046 1144 1115 τοῦτον,

156 1140 239 1221 ἡνίκ’
275 1136 375 1222 ήλθευ
404 1140 617 1224 Ἀλέξανδρος
651 1140 669 1204 ὁ
701 1141 828 1205 τούτων
867 1140 1031 1223 πρόγονος
1064 1141 1142 1221 περὶ

110 1273 113 1279 ·
159 1246 287 1308 τούτων
309 1244 421 1328 κῆρυξ,
445 1245 525 1308 ἀλλὰ
547 1244 603 1307 καὶ
625 1244 686 1326 τήν
713 1246 824 1328 χώραν
841 1243 987 1307 ίιιλιπεῖν
1008 1246 1144 1325 προεῖπε

158 1349 278 1430 μένους
304 1349 360 1411 καὶ
388 1352 511 1413 παθεῖν
540 1348 653 1412 ὁτιοῦν
684 1348 941 1431 ὑπομείναντας,
975 1348 1033 1410 καὶ
1060 1349 1142 1429 μετὰ

157 1461 261 1515 ταῦτα
279 1449 465 1534 πράξαντας
480 1461 593 1532 ταῦτα,
609 1454 630 1515 ἃ
645 1454 763 1528 πάντες
778 1452 829 1516 ἀεὶ
843 1453 1009 1535 γλίχονται
1023 1453 1139 1534 λέγειν,

159 1552 255 1630 ἀξίως
277 1554 306 1617 δ’
330 1552 438 1630 οὐδεὶς
460 1555 564 1619 εἰπεῖν
586 1555 773 1636 δεδύνηται,
796 1555 910 1638 διόπερ
930 1554 1023 1636 κάγὼ
1038 1575 1141 1638 παρα·

159 1658 262 1734 λείψω
285 1657 421 1733 δικαίως
444 1657 611 1740 (ἔστιγὰρ
633 1660 730 1740 μείζω
744 1659 785 1721 τδι
805 1660 923 1722 κείνων
938 1658 1029 1740 ἔργα,
1053 1658 1074 1739 ή
1099 1656 1141 1733 ὡς

157 1768 201 1845 τῷ
223 1759 310 1845 λόγῳ
331 1782 380 1835 τις
402 1753 444 1824 ἀν
466 1760 575 1854 εἴποι),
597 1760 676 1835 τοὺς
695 1761 732 1825 δὲ
749 1761 902 1843 Θηβαίων
917 1757 1141 1844 καῖἈργείων

155 1864 340 1948 προγόνους
366 1865 444 1939 τοὺς
472 1863 533 1946 μὲν
562 1866 865 1948 συστρατεύσαιπας
892 1872 936 1947 τῷ
970 1864 1139 1947 βαρβάρῳ,

113 1983 144 2030 12
154 1968 231 2041 τοὺς
264 1967 293 2029 δ’
321 1963 384 2030 οὐκ
415 1966 682 2043 ἐναντιωθέντας.
726 1963 817 2030 οίδεν
846 1963 908 2031 οὖν
930 1966 1141 2050 ἀμφοτέρους

156 2073 225 2155 ίδίηι
246 2072 283 2135 τὸ
306 2074 496 2137 λυσιτελοῦν
518 2072 755 2155 ἀγαπήσοντας,
778 2072 838 2155 οὐχ
861 2073 881 2135 ὅ
893 2095 924 2137 τι
946 2080 1041 2156 κοινῇ
1066 2089 1141 2136 συν-

156 2177 237 2240 οίσει
258 2184 327 2251 τοῖς
354 2175 486 2259 Ἕλλησι
508 2178 742 2257 σκεψομένους.
788 2172 888 2258 ἡγεῖτ’
918 2173 996 2256 οὑν,
1028 2177 1058 2240 εί
1081 2177 1142 2259 μὲν

156 2277 241 2361 ὑμᾶς
264 2277 377 2360 ἕλοιτο,
402 2280 519 2363 φίλους
541 2278 594 2342 ἐπὶ
615 2288 684 2354 τοῖς
706 2279 846 2355 δικαίοις
867 2278 1080 2363 αἱρήσεσθαι,
1110 2280 1140 2343 εί

154 2383 183 2445 δ’
199 2381 336 2457 ἐκείνοις
356 2387 542 2467 προσθεῖτο,
566 2382 746 2467 συνεργοὺς
760 2379 843 2458 ἕξειν
856 2391 913 2465 της
928 2382 1032 2446 αὑτοῦ
1047 2386 1139 2447 πλεο

154 2483 269 2562 νεξίας.
315 2486 371 2549 διὰ
392 2488 482 2549 ταῦτ’
505 2483 651 2561 ἐκείνους
681 2485 755 2549 ἀνθ’
779 2485 873 2567 ὑμῶν
899 2485 955 2548 καί
981 2486 1054 2550 τότε
1082 2489 1138 2551 καί

153 2598 217 2653 νῦν
239 2589 388 2671 αἱρεῖται.
433 2587 475 2652 οὐ
508 2588 572 2672 γδιρ
605 2588 646 2670 δή
679 2589 821 2673 τριήρεις
852 2592 881 2672 γ’
913 2588 978 2674 δρᾷ
1005 2591 1138 2666 πλείους

155 2691 267 2766 αὐτοῖς
288 2691 308 2772 ἢ
332 2691 412 2773 ὑμῖν
434 2692 553 2767 οὔσας·
577 2688 647 2755 οὐδ’
672 2691 709 2755 ἓν
730 2702 769 2776 τῇ
791 2694 944 2776 μεσογείᾳ
956 2695 1018 2756 τιν’
1034 2693 1137 2778 ἀρχήν

154 2797 282 2879 εὕρηκε,
304 2803 361 2878 τῆς
383 2796 413 2859 δ’
428 2794 482 2858 ἐπὶ
503 2805 541 2880 τῇ
563 2797 710 2878 θαλάττη
725 2797 862 2860 καὶτῶν
876 2796 1044 2880 ἐμπορίων
1060 2798 1135 2881 ἀφέ.

154 2916 286 2982 στηκεν·
322 2899 392 2964 οὐδ’
422 2898 603 2982 ἀμνημονεῖ
624 2900 702 2975 τοὺς
730 2900 848 2983 λόγους
875 2899 954 2963 οὐδὲ
976 2900 1035 2976 τδις
1058 2900 1134 2964 ὑπο·

156 2998 286 3086 σχέσεις,
309 3002 361 3087 ἐφ’
384 3000 436 3077 αἷς
458 3010 516 3084 τῆς
538 3003 667 3087 εἰρήνης
689 3003 810 3085 ἔτυχεν.

110 3120 142 3168 13
251 3103 346 3170 Ἀλλδι
360 3106 401 3188 νή
413 3107 478 3185 Δί’,
502 3109 587 3170 εἴποι
602 3128 651 3181 τις
672 3106 714 3170 ἂν
735 3105 778 3182 ὡς
799 3109 907 3170 πάντα
922 3109 1011 3170 ταῦτ
1029 3108 1132 3188 εἰδώς,

152 3212 193 3275 οὐ
216 3210 400 3288 πλεονεξίας
422 3210 503 3275 ἕνεκ’
520 3210 590 3274 οὐδ’
607 3210 655 3274 ὧν
669 3210 740 3292 ’ἐγὼ
763 3221 933 3295 κατηγορῶ
955 3212 1028 3276 τότε
1042 3223 1133 3277 ταῦτ’

152 3312 302 3397 ἔπραξεν,
337 3314 417 3377 ἀλλὰ
444 3323 489 3398 τῷ
523 3315 697 3398 δικαιότερ’
724 3312 837 3391 ἀξιοῦν
865 3317 942 3391 τοὺς
966 3318 1133 3399 Θηβαίους

150 3416 170 3497 ή
194 3416 288 3498 ὑμεῖς.
334 3416 416 3480 ἀλλὰ
433 3425 552 3479 τοῦτον
573 3416 630 3478 καὶ
651 3418 755 3498 μόνον
782 3419 916 3482 πάντων
937 3426 1004 3482 των
1026 3420 1132 3501 λόγων

152 3518 214 3580 οὐκ
235 3514 332 3582 ἔνεστ’
357 3517 446 3601 αὐτῷ
467 3527 531 3581 νῦν
553 3518 672 3582 εἰπεῖν·
703 3518 721 3581 δ
743 3519 806 3603 γὰρ
827 3521 1011 3603 Μεσσήνην
1032 3526 1131 3586 Λακε·
