2484 3992
177 247 216 313 18
444 250 488 316 Π.
516 253 871 318 ΔΗΜΟΣΘΕΝΟΤΣ

643 1163 687 1228 Π.

416 1337 906 1402 ΟΛῬΝΘΙΑΚΟΣΑ.

494 1625 824 1695 ARGUMENTUM.

256 1935 429 2019 Intereat)
454 1936 608 2023 Olynthii
638 1960 697 2023 per
730 1937 863 2021 legatos
898 1951 1041 2022 egerant
1076 1964 1159 2008 cum

171 2039 437 2106 Atheniensibus
455 2039 600 2106 debello
618 2040 787 2124 sedando,
809 2063 888 2106 nam
906 2040 1032 2109 diutius
1053 2044 1156 2110 dubi·

171 2154 247 2209 tare
270 2145 337 2209 iam
360 2165 428 2209 non
443 2152 635 2229 potuerunt,
659 2145 739 2230 quin
754 2144 927 2231 Philippus
952 2145 1047 2211 brevi
1066 2158 1155 2214 tem·

169 2269 250 2335 pore
283 2248 429 2334 ipsorum
460 2268 590 2333 quoque
624 2255 657 2312 et
691 2246 895 2334 reliquarum
924 2245 1153 2317 Chalcidicae

169 2353 348 2417 civitatum
372 2371 590 2437 oppressurus
614 2361 705 2417 esset
727 2350 929 2418 libertatem.
960 2352 1004 2416 Et
1027 2357 1151 2438 paucis

169 2456 268 2519 annis
298 2463 376 2539 post
404 2475 503 2540 quam
531 2476 594 2519 rex
615 2454 773 2519 victricia
803 2453 882 2520 tulit
910 2476 1005 2520 arma
1027 2467 1150 2523 contra

167 2557 304 2644 Illyrios
333 2556 623 2643 Molossorumque
645 2578 761 2641 regem
782 2556 975 2643 Arybbam,
1002 2559 1147 2626 infestus

167 2660 392 2728 Macedonum
415 2661 586 2726 exercitus
604 2662 885 2747 appropinquavit
900 2660 1024 2727 finibus
1041 2661 1147 2749 Olyn-

168 2764 330 2848 thiorum3
361 2774 432 2829 tum
456 2763 507 2829 illi
530 2764 680 2851 periculo
703 2773 774 2829 tam
797 2763 975 2830 manifesto
999 2766 1149 2851 perculsi

168 2868 213 2935 ab
235 2867 517 2951 Atheniensibus,
545 2877 582 2932 ut
612 2867 748 2933 foedere
776 2867 868 2934 facto
891 2867 1055 2933 auxilium
1080 2870 1147 2935 sibi

166 2974 350 3057 mitterent,
373 2973 565 3060 petiverunt
590 2969 690 3054 (349).
736 2971 883 3053 Quorum
906 2980 942 3037 ut
966 2971 1146 3038 adiuvaret

166 3098 300 3164 preces,
323 3076 569 3143 Demosthenes
598 3075 707 3142 tribus
732 3074 953 3154 orationibus,
977 3098 1064 3163 quae
1086 3098 1143 3140 vo-

167 3189 291 3246 cantur
306 3178 565 3265 Olynthiaoa
576 3202 611 3262 e,
627 3200 695 3243 non
711 3178 820 3243 solum
835 3177 958 3264 populo
973 3180 1143 3264 persuasit

168 3282 353 3369 Olynthum
395 3290 431 3349 ut
469 3280 759 3368 propugnaculum
793 3283 940 3367 ipsorum
973 3281 1140 3347 libertatis

167 3407 375 3473 quocumque
408 3384 507 3449 modo
542 3383 665 3450 debere
699 3383 853 3467 defendi,
890 3407 1006 3451 verum
1041 3387 1138 3450 etiam

252 3570 279 3638 ⁴⁶)
297 3570 360 3622 vid.
379 3575 566 3636 argumentum
585 3576 652 3621 orat.
670 3572 691 3620 1.
