2484 3992
416 230 717 292 ΟΛῬΝΘΙΑΚΟΣ
734 231 770 292 Γ.
1038 227 1080 292 37

538 1203 598 1269 IV.

345 1431 736 1493 ΟΛῬΝΘΙΑΚΟΣ
766 1433 802 1494 Γ.

209 1753 292 1837 Οὐχὶ
305 1753 410 1819 ταύτά
425 1756 623 1839 παρίσταταί
632 1779 689 1838 μοι
705 1762 908 1840 γιγνώσκειν,
924 1754 950 1821 ὦ
967 1758 1084 1838 ἀνδρες

98 1858 282 1941 Ἀθηναῖοι,
314 1860 395 1924 ὅταν
426 1862 452 1923 i
481 1860 526 1935 εἰς
558 1861 603 1924 τά.
631 1863 792 1945 πράγματ’
823 1861 997 1943 ἀποβλέψω
1028 1862 1084 1925 κοιλ

98 1964 185 2026 ὅταν
205 1962 287 2046 πρὸς
308 1963 386 2039 τοὺς
413 1963 541 2045 λόγους,
576 1966 635 2040 οὓς
663 1963 791 2029 ἀκούω·
825 1965 903 2039 τοὺς
935 1964 995 2047 μέν
1020 1964 1084 2046 γὰρ

98 2067 222 2148 λόγους
242 2068 316 2151 περὶ
336 2076 396 2131 τοῦ
418 2068 670 2151 τιμωρήσασθαι
695 2071 858 2133 Φίλιππον
888 2070 955 2152 ὁρῶ
976 2091 1083 2151 γιγνο-

99 2171 234 2252 μένους,
263 2172 303 2235 τὰ
326 2171 363 2235 θὲ
385 2174 554 2255 πράγματ’
577 2173 624 2247 εἰς
644 2184 742 2238 τοῦτο
771 2172 973 2254 προήκοντα,
1003 2173 1083 2237 ὥσθ’

101 2274 193 2349 ὅπως
214 2273 257 2356 μὴ
280 2275 448 2356 πεισόμεθ’
465 2275 563 2339 αὐτοὶ
584 2277 746 2359 πρότερον
766 2285 875 2351 κακῶς
898 2277 1083 2350 σκέψασθαι

101 2378 191 2443 θέον.
235 2379 336 2443 οὐθὲν
363 2375 425 2444 οὖν
451 2382 530 2443 ἀλλο
557 2402 614 2461 μοι
642 2381 800 2443 δοκοῦσιν
826 2379 859 2444 ολ
881 2379 921 2443 τὰ
947 2388 1085 2443 τοιαῦτα

101 2482 253 2563 λέγοντες
273 2481 293 2563 ἢ
316 2481 378 2564 τὴν
403 2481 575 2562 ὑπόθεσιν,
609 2484 683 2564 περὶ
710 2480 750 2565 ἧς
771 2484 978 2565 βουλεύεσθε,
1012 2483 1085 2565 οὐχὶ

101 2585 165 2667 τὴν
185 2581 292 2650 οὖσαν
312 2588 528 2670 παριστάντες
549 2586 629 2668 ὑμῖν
652 2587 859 2670 ἁμαρτάνειν.
898 2585 961 2669 ἐγὼ
983 2587 1013 2649 θ’
1037 2587 1114 2651 ὄτιε

102 2689 166 2771 μέν
186 2691 258 2752 ποτ’
282 2686 357 2772 ἐξῆν
379 2698 417 2773 τῇ
439 2691 532 2753 πόλει
554 2691 609 2753 καλ
632 2690 672 2753 τὰ
695 2689 796 2770 αὐτῆς
818 2690 902 2773 ἔχειν
925 2689 1081 2773 ἀσφαλῶς

102 2793 161 2856 καὶ
184 2793 350 2857 Φίλιππον
370 2793 631 2877 τιμωρήσασθαι,
652 2794 709 2857 καὶ
730 2796 803 2875 μάλ’
827 2794 968 2876 ἀκριβῶς
992 2789 1083 2857 ολθα·

102 2894 151 2959 ἐπ’
174 2895 256 2979 έμοῦ
283 2898 362 2979 γάρ,
395 2896 469 2979 οὐχὶ
498 2898 599 2960 πάλαι
620 2897 755 2979 γέγονεν
782 2892 871 2960 ταῦτ’
898 2896 1084 2981 ἀμφότερα·

102 3008 168 3062 νῦν
197 2999 309 3082 μέντοι
338 2999 512 3081 πέπεισμαι
538 2996 631 3063 τοῦθ’
664 2997 779 3062 ἱκανὸν
805 3000 979 3082 προλαβεῖν
1005 2998 1084 3082 ἡμῖν

105 3099 191 3166 εἶναι
220 3101 280 3183 τὴν
307 3102 456 3185 πρώτην,
488 3103 575 3177 ὅπως
601 3103 680 3178 τοὺς
709 3103 898 3184 συμμάχους
927 3104 1081 3185 σώσομεν.

105 3205 164 3270 ἐὰν
185 3206 249 3288 γὰρ
270 3215 369 3270 τοῦτο
383 3206 521 3287 βεβαίως
532 3203 669 3288 ὑπάρξῃ,
691 3207 763 3270 τότε
777 3206 833 3269 καὶ
846 3208 920 3290 περὶ
935 3215 994 3270 τοῦ
1009 3208 1083 3271 τίνα

104 3309 322 3400 τιμωρήσεταί
333 3331 382 3384 τις
403 3310 458 3372 καλ
481 3309 520 3372 ὃν
541 3310 664 3389 τρόπον
686 3306 810 3384 ἐξέσται
833 3318 981 3372 σκοπεῖν·
1004 3311 1083 3393 πρὶν

104 3414 141 3477 θὲ
154 3413 216 3496 τὴν
231 3411 333 3495 ἀρχὴν
346 3411 456 3497 ὀρθῶς
471 3411 668 3491 ὑποθέσθαι,
691 3414 830 3494 μάταιον
850 3411 993 3494 ἡγοῦμαι
1008 3414 1082 3496 περὶ

103 3524 160 3598 τῆς
181 3518 331 3599 τελευτῆς
352 3515 506 3580 ὁντινοῦν
526 3520 695 3579 ποιεῖσθαι
716 3516 823 3597 λόγον.
