2484 3992
180 260 221 324 98
434 259 528 324 VIII.
552 259 910 321 ΔΗιλίΟΣΘΕΝΟΤΣ

177 470 303 513 πακτον
317 448 488 531 ὀμώμοκεν
499 447 659 521 Αίτωλοῐς
673 447 884 530 παραδώσειν
887 468 900 526 ,·
916 446 989 528 ούχλ
1004 448 1170 531 Θηβαίων

176 550 302 635 Ἐχῖνον
324 552 502 636 ἀφῄρηται,
524 552 580 614 καλ
602 560 667 614 νῦν
689 549 742 613 ἐπὶ
764 550 965 626 Βυζαντίους
986 553 1170 632 πορεύεται

134 673 166 720 33
178 657 369 739 συμμάχους
384 656 403 717 ὄ
423 678 499 735 τας,
514 655 574 738 οὐχ
590 655 684 736 ἡμῶν
700 689 741 700 -
754 653 797 717 ἐῶ
808 656 918 732 τᾶλλα,
943 653 1024 716 ἀλλὰ
1041 659 1169 738 Χερρο-

176 761 284 842 νήσου
308 759 369 840 την
391 760 545 841 μεγίστην
568 759 631 841 ἔχει
653 759 749 821 πόλιν
770 759 940 841 Καρδίανς
967 767 1074 821 ταῦτα
1097 760 1167 822 τοί·

176 887 241 927 νυν
263 865 441 944 πάσχοντες
469 861 610 936 ἅπαντες
640 861 797 942 μέλλομεν
826 861 882 924 καὶ
903 863 1085 943 μαλκίομεν
1106 865 1167 929 καλ

177 967 260 1052 πρδς
274 968 353 1042 τοὺς
367 966 504 1048 πλησίον
519 963 921 1047 βλέπομενῇἀπιστούντες
937 963 1101 1046 ἀλληλοις,
1120 967 1165 1031 οὐ

180 1081 225 1155 τῷ
240 1073 366 1145 πάντας
380 1069 464 1151 ημάς
480 1069 659 1132 ἀδικοῦντι.
681 1070 789 1132 καίτοι
806 1069 865 1132 τόν
879 1068 1002 1132 ἅπασιν
1017 1069 1168 1152 ἀσελγῶς

178 1177 267 1239 ούτω
296 1178 480 1257 χρώμενον,
514 1174 546 1237 τί
574 1173 694 1252 οἴεσθ’,
728 1170 862 1236 ἐπειδὰν
887 1175 964 1235 καθ’
993 1170 1036 1237 ἕν’
1068 1173 1168 1255 ἡμῶν

177 1279 314 1342 ἑκάστου
338 1278 452 1361 κύριος
474 1277 618 1357 γένηται,
641 1276 674 1337 τί
694 1275 859 1357 ποιήσειας

136 1397 168 1444 34
276 1382 316 1443 Τί
337 1376 400 1443 οὖν
421 1380 458 1442 τδ
481 1383 587 1443 αἴτιον
608 1381 750 1441 τουτωνί
753 1401 767 1458 ,·
800 1378 841 1442 ού
862 1380 926 1463 γάρ
950 1383 1031 1443 ἀνευ
1056 1382 1164 1463 λόγου

182 1483 238 1546 καλ
260 1483 390 1557 δικαίας
406 1482 511 1556 αίτίας
527 1484 604 1544 οὔτε
618 1484 689 1544 τόθ’
706 1483 810 1557 οὕτως
826 1478 912 1564 εἶχον
926 1481 1063 1564 ἑτοίμως
1077 1485 1165 1567 πρὸς

177 1586 370 1669 ἐλευθερίαν
400 1585 433 1647 ολ
453 1585 606 1667 Ἕλληνες
621 1587 697 1649 ούτε
719 1595 783 1648 νῦν
809 1585 891 1668 πρὸς
916 1585 952 1648 τὸ
976 1586 1163 1656 δουλεύειν,

177 1686 220 1769 ἦν
241 1711 273 1752 τι
294 1687 371 1769 τότ’,
394 1684 446 1770 ἦν,
470 1685 495 1752 ὦ
519 1689 637 1771 ἀνδρες
655 1685 835 1769 Ἀθηναῖοι,
859 1688 895 1752 έν
917 1698 987 1763 ταῖς
1004 1697 1072 1753 τῶν
1086 1694 1164 1754 πολ-

177 1796 244 1856 λῶν
262 1794 439 1873 διανοίαις,
472 1793 575 1856 ὃνῦν
598 1793 660 1857 οὐκ
683 1793 786 1872 ἔστιν,
818 1793 914 1856 ὃκαλ
934 1804 994 1857 τοῦ
1019 1799 1164 1878 Περσῶν

177 1896 332 1979 ἐκράτησε
355 1898 500 1960 πλούτου
524 1896 579 1958 καλ
595 1894 774 1979 ἐλευθέραν
789 1892 867 1977 ηγεν
881 1896 942 1977 τὴν
952 1892 1095 1960 Ἑλλάδα
1106 1900 1165 1963 καλ

178 2003 252 2064 οὔτε
283 2003 467 2082 ναυμαχίας
497 2002 572 2063 οὔτε
600 2001 695 2082 πεζῆς
723 2002 825 2082 μάχης
853 2000 1008 2081 οὐδεμιᾶς
1030 2001 1162 2083 ἡττᾶτο,
1239 1998 1240 2047 ff

174 2113 237 2168 νῦν
259 2105 287 2166 δ’
305 2103 472 2178 ἀπολωλὸς
488 2103 616 2170 ἅπαντα
631 2105 826 2183 λελύμανται
842 2103 898 2165 καὶ
913 2107 983 2166 ἀνω
997 2105 1054 2166 καλ
1072 2108 1162 2169 κάτω
1238 2136 1240 2149 ⁴

133 2224 166 2272 35
176 2208 331 2288 πεποίηκε
354 2207 394 2270 τὰ
416 2208 600 2288 πράγματα.
638 2208 671 2268 τί
691 2203 754 2269 οὖν
776 2202 818 2286 ην
840 2216 955 2287 τοῦτο,·
977 2209 1055 2283 τοὺς
1069 2211 1162 2293 παρὰ

178 2320 244 2375 τῶν
272 2314 389 2395 ,ἄρχειν
421 2310 633 2392 βουλομένων
661 2308 681 2389 ἢ
705 2309 913 2393 διαφθείρειν
940 2309 1001 2392 την
1017 2308 1161 2376 Ἐλλάδα

176 2415 325 2498 χρήματα
347 2414 572 2495 λαμβάνοντας
596 2411 736 2486 άπαντες
758 2411 909 2493 ἐμίσουν,
938 2414 994 2475 καὶ
1014 2417 1160 2496 χαλεπώ-

175 2541 276 2582 τατον
304 2514 346 2598 ἦν
373 2517 411 2580 τδ
434 2517 675 2600 δωροδοκοῦντ’
699 2515 906 2597 ἐλεγχθῆναι,
935 2517 991 2580 καὶ
1019 2522 1154 2604 τιμωρί,
1239 2522 1240 2583 j

133 2638 166 2685 36
177 2622 314 2703 μεγίστη
349 2629 469 2682 τοῦτον
503 2618 665 2694 ἐκόλαζον.
710 2617 768 2681 τὸν
795 2614 857 2682 οὖν
879 2619 996 2701 καιρὸν
1018 2621 1160 2685 ἑκάστου
1239 2654 1240 2661 ¹

177 2734 243 2787 τῶν
265 2725 476 2804 πραγμάτων,
501 2722 539 2786 ὃν
561 2722 581 2803 ἡ
604 2723 684 2804 τύχη
707 2722 761 2784 καὶ
785 2732 853 2797 τοῖς
876 2722 1053 2804 ἀμελοῦσιν
1076 2726 1159 2789 κατὰ

176 2836 243 2890 τῶν
266 2827 493 2910 προσεχόντων
508 2826 663 2899 πολλάκις
682 2827 931 2908 παρασκευάζει,
955 2826 1017 2889 ούκ
1031 2824 1075 2909 ἦν
1090 2830 1158 2914 πρί-

178 2936 281 2994 ασθαι
302 2929 392 3012 παρὰ
414 2936 481 2991 τῶν
502 2929 664 3008 λεγόντων
686 2927 766 2990 οὐδὲ
789 2936 855 2990 τῶν
877 2933 1159 3012 στρατηγούντων,

176 3034 255 3098 οὐδὲ
277 3032 338 3114 τὴν
351 3032 434 3116 πρδς
450 3031 607 3113 ἀλλήλους
623 3031 791 3113 ὁμόνοιαν,
814 3031 894 3095 οὐδὲ
909 3022 969 3112 τὴν
982 3033 1066 3115 πρὸς
1080 3038 1159 3112 τοὺς

175 3138 362 3220 τυράννους
388 3136 444 3200 καλ
467 3136 545 3210 τοὺς
571 3135 758 3218 βαρβάρους
781 3134 950 3215 ἀπιστίαν,
979 3137 1052 3200 οὐδ’
1077 3140 1159 3215 ὅλως

131 3256 165 3304 37
176 3248 329 3303 τοιοῦτον
342 3239 452 3302 οὐδέν.
489 3246 555 3302 νῦν
576 3238 604 3299 δ’
630 3237 752 3300 ἅπανθ’
776 3238 884 3322 ὥσπερ
906 3237 939 3314 έξ
962 3239 1090 3323 ἀγοράς
1113 3242 1158 3306 έκ-

175 3344 339 3426 πέπραται
360 3352 476 3421 ταύτα,
500 3342 707 3424 ἀντεισῆκται
730 3343 759 3404 δ’
784 3343 856 3406 ἀντὶ
877 3345 1006 3408 τούτων
1027 3346 1087 3429 ὑφ’
1113 3348 1159 3412 ὧν

178 3446 325 3511 ἀπόλωλε
346 3445 403 3506 καλ
424 3446 602 3526 νενόσηκεν
623 3446 643 3527 ἡ
662 3442 784 3521 Ἑλλάς.
828 3457 933 3511 ταῦτα
961 3445 989 3510 δ’
1018 3448 1089 3515 ἐστὶ
1110 3454 1159 3534 τίς

177 3550 278 3628 ζηλος,
309 3548 409 3619 εἴτις
431 3547 561 3628 εἴληφέν
582 3566 627 3610 τι·
657 3551 766 3630 γέλως,
798 3550 839 3615 ἂν
862 3551 1021 3634 ὁμολογῇ·
1054 3564 1158 3634 μῖσος,
