2484 3992
168 206 212 271 24
453 208 496 272 II.
520 209 878 271 ΔΗΜΟΣΘΕΝΟῬΣ

167 396 227 461 έδιν
242 396 467 479 άμελήσωμεν,·
489 395 569 459 ἀλλὰ
584 394 650 478 μήν
661 396 691 459 εί
705 404 802 460 τοῦτο
816 397 995 478 γενήσεται,
1011 398 1162 479 δέδοικ’,

168 495 194 564 ὦ
218 500 335 583 ἄνδρες
351 495 537 582 Ἀθηναῖοι,
559 498 604 582 μή
627 499 685 563 τὸν
708 498 810 563 αὑτὸν
831 501 963 583 τρόπον,
986 502 1099 584 ὥσπερ
1119 503 1162 565 οἱ

167 604 389 685 δανειζόμενοι
411 601 535 686 ῥαδίως
556 601 609 666 ἐπὶ
631 612 699 678 τοῖς
720 603 871 683 μεγάλοις
885 603 1003 681 τόκοις,
1026 606 1162 686 μικρὸν

167 705 408 790 εὐπορήσαντες
422 707 543 788 χρόνον
554 706 693 788 ὑστερον
703 707 837 769 καὶτῶν
848 705 995 788 άρχαίων
1007 707 1155 791 ἀπέστη-

169 825 242 889 σαν,
252 810 358 885 οὑτως
367 809 424 872 καί
433 807 536 891 ἡμεῖς,
553 808 594 872 ἂν
604 807 659 872 ἐπὶ
670 812 777 894 πολλῷ
789 817 945 892 φανῶμεν
956 809 1156 894 ἐρρᾳθυμη-

166 913 259 988 κότες
273 913 329 976 καὶ
344 911 474 976 ἅπαντα
488 911 569 995 πρὸς
579 911 706 994 ἡδονήν
716 913 894 994 ζητοῦντες,
910 913 1013 975 πολλὰ
1024 915 1084 976 καί
1094 937 1156 996 γα-

166 1017 248 1080 m&
264 1015 311 1079 ών
326 1015 388 1078 οὑκ
402 1013 593 1097 ἐβουλόμεθ’
613 1016 751 1097 ὕστερον
772 1016 818 1091 είς
833 1015 981 1098 ἀνάγκην
998 1017 1157 1099 ἔλθωμεν

166 1130 274 1184 ποιεῖν
288 1121 344 1183 καὶ
358 1120 625 1202 κινδυνεύσωμεν
638 1120 794 1202 περὶτῶν
815 1119 852 1183 ἐν
876 1120 959 1204 αὐτῇ
980 1129 1020 1204 τῇ
1042 1121 1151 1204 χώρα.

126 1238 158 1288 ιο
276 1223 321 1287 R
342 1222 404 1305 μὲν
419 1218 482 1287 οὑν
503 1221 655 1304 ἐπιτιμᾶν
678 1225 755 1298 ἴσως
776 1222 880 1305 φήσαι
893 1245 942 1297 τις
963 1223 1005 1285 ἂν
1027 1222 1154 1308 ῥᾴδιον

22 1326 29 1335 ’
166 1328 223 1390 καὶ
243 1324 365 1402 παντὸς
387 1321 481 1405 εἶναι,
503 1325 541 1389 τὸ
564 1326 593 1388 δ’
609 1325 693 1408 ὑπὲρ
715 1333 781 1388 τών
802 1327 976 1409 παρόντων
999 1327 1019 1388 ὅ
1039 1347 1070 1389 τι
1096 1327 1156 1390 δεῖ

167 1432 321 1515 πράττειν
343 1430 599 1513 ἀποφαίνεσθαι,
621 1433 710 1494 τοῦτ’
732 1426 819 1494 εἶναι
843 1431 1042 1512 συμβούλου.
1081 1430 1152 1513 ἐγὼ

168 1531 197 1597 δ’
222 1535 285 1598 οὑκ
312 1533 423 1615 άγνοώ
449 1535 520 1616 μέν,
555 1530 580 1596 ώ
610 1533 729 1617 ἄνδρες
748 1529 931 1616 Ἀθηναῖοι,
965 1538 1070 1614 τοῦθ’,
1097 1537 1151 1598 ὅτι

166 1639 322 1714 πολλάκις
343 1638 436 1720 ὑμεῖς
457 1636 499 1701 οὑ
520 1638 599 1713 τοὺς
622 1638 756 1718 αἰτίους,
780 1637 860 1700 άλλδι
883 1639 961 1712 τοὺς
982 1638 1151 1715 ὑστάτους

166 1742 329 1824 περὶτῶν
350 1742 552 1823 πραγμάτων
572 1741 724 1814 εἰπόντας
745 1739 782 1804 έν
804 1739 885 1823 ὀργή
907 1744 1062 1819 ποιεῖσθ’,
1086 1740 1150 1806 ἐάν

167 1867 199 1908 τι
221 1843 265 1926 μή
280 1844 364 1908 κατὰ
385 1845 520 1926 γνώμην
534 1843 627 1926 ἐκβῇ·
651 1840 691 1907 οὑ
708 1843 773 1924 μήν
789 1839 880 1926 οἶμαι
895 1845 967 1909 δεῖν
979 1843 1040 1927 τήν
1055 1845 1149 1909 ίδίαν

169 1946 351 2030 ἀσφάλειαν
373 1955 508 2009 σκοπῶν
528 1946 786 2009 ὑποστείλασθαι
808 1947 883 2028 περὶ
899 1946 945 2010 ὧν
960 1947 1039 2028 ὑμῖν
1062 1962 1147 2026 συμ-

128 2066 158 2115 17
169 2050 282 2134 φέρειν
303 2049 456 2131 ἡγοῦμαι.
501 2050 585 2132 φημὶ
607 2047 648 2131 δή
672 2049 745 2132 διχῇ
766 2049 951 2131 βοηθητέον
971 2046 1056 2114 εἶναι
1077 2062 1149 2126 τοῖς

169 2154 359 2237 πράγμασιν
386 2153 483 2234 ὑμῖν,
516 2161 562 2236 τῷ
583 2174 618 2215 τε
647 2153 705 2226 τὰς
731 2153 840 2226 πόλεις
867 2162 936 2227 τοῖς
960 2148 1148 2228 Ὀλυνθίοις

170 2253 282 2343 σώζειν
304 2256 360 2319 καλ
381 2256 460 2331 τοὺς
480 2264 579 2319 τοῦτο
601 2261 800 2336 ποιήσοντας
816 2257 1015 2339 στρατιώτας
1031 2255 1146 2337 ἐκπέμ-

167 2380 251 2440 πειν,
266 2361 323 2423 καί
337 2368 382 2445 τῷ
400 2358 460 2441 τήν
475 2358 602 2423 ἐκείνου
618 2359 729 2441 χώραν
742 2367 851 2433 κακῶς
865 2367 972 2422 ποιεῖν
986 2359 1042 2421 καλ
1056 2359 1145 2441 τριή-

173 2479 264 2546 ρεσιν
285 2464 342 2526 καί
365 2467 578 2545 στρατιώταις
600 2461 737 2545 ἑτέροις·
761 2461 790 2524 εί
806 2461 842 2524 δὲ
856 2461 1003 2544 θατέρου
1017 2463 1147 2525 τούτων

167 2566 390 2650 ὀλιγωρήσετε,
406 2565 493 2628 ὀκνῶ
508 2565 551 2647 μή
564 2566 702 2647 μάταιος
715 2564 825 2646 ήμῖνή
840 2566 991 2645 στρατεία
1002 2566 1145 2647 γένηται.

127 2685 158 2735 18
168 2673 232 2734 εἴτε
244 2670 309 2753 γαρ
321 2669 415 2751 ὑμῶν
425 2669 486 2750 τήν
497 2667 625 2732 ἐκείνου
642 2677 750 2743 κακῶς
764 2670 950 2731 ποιούντων
966 2668 1146 2750 ὑπομείνας

167 2770 255 2837 τοῦτ’
267 2768 430 2836 Ολυνθον
444 2770 696 2853 παραστήσεται,
719 2769 904 2855 ραδίωςέπ
904 2770 998 2853 ίτήν
1020 2771 1145 2834 οἰκείαν

167 2876 276 2941 ἐλθὼν
298 2875 486 2957 άμυνεῖται·
510 2877 574 2939 εἴτε
596 2875 835 2956 βοηθησάντων
856 2874 1000 2955 μόνον
982 2883 1078 2956 υμῶν
1099 2875 1145 2950 είς

160 2976 325 3044 ολννθον
348 2977 533 3053 ἀκινδύνως
555 2977 686 3061 ὑρών’
666 2999 781 3060 εχοντα
809 2979 849 3039 τὰ
864 2980 949 3040 οἴκοι
964 2983 1143 3060 προσκαθε-

167 3084 272 3150 δεῖται
293 3083 349 3146 καὶ
370 3083 605 3165 προσεδρεύσει
627 3091 696 3157 τοῖς
716 3082 895 3163 πράγμασι,
917 3083 1085 3164 περιέσται
1099 3092 1142 3167 τῷ

166 3189 274 3273 χρόνῳ
295 3194 362 3250 τών
382 3185 679 3269 πολιορκουμένων.
714 3185 768 3248 δεῖ
785 3183 826 3266 δή
848 3183 971 3265 πολλήν
992 3186 1049 3247 καὶ
1071 3186 1142 3269 διχῇ

166 3292 228 3374 τήν
248 3292 410 3372 βοήθειαν
432 3284 525 3353 εἶναι.

125 3410 157 3459 19
272 3394 341 3457 Καί
354 3393 429 3476 περὶ
444 3392 505 3474 μὲν
520 3400 577 3474 τής
587 3393 743 3474 βοηθείας
753 3401 857 3455 ταῦτα
868 3395 1055 3473 γιγνώσκω·
1070 3392 1144 3474 περὶ

168 3498 204 3560 δὲ
226 3498 400 3579 χρημάτων
420 3497 538 3579 πόρου,
562 3495 659 3571 ἔστιν,
683 3491 709 3557 ώ
732 3495 850 3577 ἄνδρες
869 3492 1050 3574 Ἀθηναῖοι,
1072 3495 1143 3577 χρή
