2484 3992
469 258 712 327 APPENDIX.
1027 261 1088 326 121

108 448 242 532 άγνοεῖν
262 448 303 511 τδι
324 450 472 532 παρόντα
494 446 661 533 πράγμαθ’
687 449 846 533 ἡγοῦμαι·
878 447 916 515 εὖ
938 451 1003 536 ηδιρ
1025 447 1086 515 οἷδ’

109 554 177 632 ότι,
211 553 242 616 εί
263 555 357 616 τοῦθ’
381 552 486 628 οὕτως
514 551 661 635 ἐτύγχανέ
685 553 777 636 ἔχον,
812 553 875 617 οὐκ
908 554 950 617 άν
986 554 1090 620 αὐτὸν

107 656 274 739 ἠκούομεν
295 655 332 720 έν
351 653 512 739 Ἐλατείᾳ,
536 656 604 720 ἀλλ’
627 656 681 720 ἐπὶ
701 667 769 733 τοῖς
790 658 960 741 ἡμετέροις
976 658 1088 742 ὁρίοις.

109 759 161 822 ότι
174 759 284 840 μέντοι
302 756 340 822 ἵν’
359 757 473 841 ἕτοιμα
483 759 658 842 ποιήσηται
671 761 732 824 τάν
744 762 869 843 Θήβαις
880 762 961 844 ἣκει,
977 771 1091 845 σαφῶς

107 862 291 944 ἐπίσταμαι.
305 860 348 938 ὡς
356 864 386 925 δ’
396 863 459 945 ἔχει
469 859 579 925 mmm
591 863 675 946 ἐφην
685 859 953 948 ,άκοόσατέλμοα
969 863 1092 940 ἐκεῖνος
1104 881 1119 929 ο

110 967 210 1041 όσους
231 967 251 1048 ἢ
274 976 383 1030 πεῖσαι
404 966 568 1051 χρήμασιν
585 966 741 1050 Θηβαίων
753 968 773 1049 ἢ
790 966 986 1049 ἐξαπατῆσαι
1001 968 1089 1051 ἐνῆν,

109 1070 257 1146 ἅπαντας
272 1070 501 1154 ηὐτρέπισται·
524 1071 602 1146 τοὺς
617 1071 646 1134 δ’
664 1071 718 1133 ἀπ’
735 1071 835 1155 ἀρχῆς
850 1072 1092 1154 ἀνθεστηκότας

0 1263 1 1268 ¹
109 1175 198 1259 αὐτῷ
213 1174 343 1239 καὶνῦν
354 1172 630 1257 ἐναντιουμένους
645 1175 800 1257 οὐδαμῶς
814 1184 925 1239 πεῖσαι
940 1176 1089 1241 δύναται.

107 1280 144 1343 τί
162 1275 225 1342 οὖν
245 1279 397 1361 βαόλεται
418 1278 474 1342 καλ
489 1280 577 1354 τίνος
591 1279 707 1343 εἵνεκα
729 1279 789 1361 την
802 1277 968 1344 Ἐλάτειαν
988 1282 1090 1344 κατεί·

1 1389 4 1397 “
107 1387 229 1466 ληφεν,·
261 1385 402 1465 πλησίον
429 1384 572 1466 δύναμιν
600 1381 706 1460 δείξας
733 1384 789 1447 καὶ
816 1385 1029 1468 παραστήσας
1049 1386 1090 1449 τδι

109 1489 194 1551 ὅπλα
215 1488 295 1562 τοὺς
315 1487 376 1568 μὲν
397 1487 519 1550 ἑαυτοῦ
533 1489 650 1571 φίλους
666 1488 785 1570 ἐπᾶραι
799 1488 854 1552 καὶ
868 1494 1005 1572 θρασεῖς
1019 1511 1089 1554 ποι-

107 1600 197 1675 ησαι,
220 1591 299 1665 τοὺς
321 1591 350 1653 δ’
374 1588 650 1673 ἐναντιουμένους
672 1592 881 1676 καταπλῆξαι,
905 1594 946 1658 ἵν’
969 1595 989 1676 ἢ
1014 1611 1089 1677 συγ-

107 1696 282 1780 χωρήσωσι
316 1696 518 1778 φοβηθέντες
546 1698 567 1758 δι
595 1706 660 1760 νῦν
682 1696 745 1760 οὐκ
766 1697 948 1778 ἐθέλουσιν,
978 1699 1090 1781 ἣβια·

109 1805 249 1865 σθῶσιν.
294 1800 323 1863 εί
350 1799 411 1880 μὲν
437 1800 551 1862 τοίνυν
583 1801 842 1884 προαιρησόμεθ’
872 1794 981 1884 ημεῖς“
1007 1803 1118 1885 ἐφηνῖ

110 1903 168 1989 ,ἐν
189 1912 234 1988 τῷ
256 1902 405 1986 παρόντι,
428 1904 460 1965 εί
478 1924 510 1964 τι
539 1903 703 1966 δύσκολον
730 1904 911 1985 πέπρακται
936 1906 1091 1987 Θηβαίοις

108 2008 191 2093 πρὸς
213 2008 307 2090 ἡμεῖς,
330 2008 452 2071 τούτου
476 2012 663 2090 μεμνῆσθαι
684 2009 740 2071 καὶ
757 2008 905 2073 άκιστεῖν
920 2010 1032 2084 αὐτοῖς
1047 2008 1091 2085 ὡς

109 2112 147 2177 ἐν
159 2120 200 2196 τῇ
215 2119 282 2174 τοῖν
296 2109 426 2193 ἐχθρῶν
441 2105 538 2174 οὖσιν
551 2111 671 2194 μερίδι,
687 2120 817 2196 πρῶτον
833 2113 893 2194 μὲν
905 2115 946 2176 ἂν
961 2112 1089 2188 εὔξαιτο

113 2217 275 2288 Φίλιππος
288 2213 480 2295 ποιήσομεν,
496 2210 566 2277 εἶτα
578 2215 746 2296 φοβοῦμαι
761 2214 805 2296 μὴ
821 2214 1092 2297 προσδεξαμένων

110 2327 177 2382 τῶν
198 2321 261 2381 νόν
284 2316 533 2398 ἀνθεστηκότων
557 2317 645 2401 αὐτῷ
668 2317 724 2380 καί
746 2326 805 2401 μιρῖ
825 2319 937 2401 γνώμη
959 2319 1092 2382 πάντων

111 2423 383 2506 φιλιππισάντων,
413 2422 458 2496 είς
480 2420 540 2502 τὴν
559 2416 707 2503 Ἀττικὴν
734 2421 876 2485 ἔλθωσιν
899 2422 1086 2507 άμφότεροι.

113 2524 154 2590 ἂν
166 2525 278 2606 μέντοι
292 2527 440 2606 πεισθῆτ’
456 2522 537 2604 ἐμοί,
560 2524 616 2586 καί
630 2523 712 2607 πρὸς
725 2532 770 2608 τῷ
787 2532 930 2605 σκοπεῖν,
947 2524 1028 2587 άλλδι
1043 2524 1087 2607 μὴ

111 2628 292 2711 φιλονικεῖν
312 2627 387 2709 περὶ
408 2624 456 2688 ὧν
479 2625 520 2689 ἂν
541 2626 624 2707 λέγω
653 2627 809 2709 γένησθε,
844 2623 935 2708 οἶμαι
962 2627 1018 2690 καὶ
1050 2629 1090 2691 τὰ

112 2729 229 2792 δέοντα
251 2726 486 2810 λέγεινδόξειν
508 2729 644 2793 καὶτὸν
667 2728 865 2813 ἐφεστηκότα
880 2732 1038 2795 κίνδυνον
1052 2739 1091 2815 τῇ

111 2834 204 2896 πόλει
227 2831 404 2896 διαλύσειν.
449 2833 483 2895 τί
503 2828 566 2896 οὖν
587 2833 671 2915 φημί
696 2834 782 2914 δεῖν,·
803 2844 934 2916 πρῶτον
955 2836 1016 2916 μὲν
1036 2835 1123 2899 τὸν8

112 2936 245 3020 παρόντ’
253 2934 423 2998 ἐπανεῖναι
431 2936 547 3017 φόβον,
561 2932 630 2999 είτα
641 2937 844 3019 μεταθέσθαι
856 2937 1092 3018 καίφοβεῖσθαι

112 3040 235 3112 πάντας
247 3037 330 3120 ὑπὲρ
342 3038 509 3120 Θηβαίων·
525 3039 609 3102 πολὺ
621 3039 685 3123 γάρ
696 3048 762 3102 τῶν
775 3039 893 3103 δεινῶν
905 3039 989 3102 εἰσιν
1000 3039 1091 3121 ἐγγυ-

113 3143 206 3227 τέρω,
228 3143 284 3204 καὶ
305 3142 475 3226 προτέροις
503 3143 615 3218 αὐτοῖς
643 3143 662 3205 ὁ
690 3143 860 3217 κίνδυνος·
894 3143 990 3206 ἔπειτ’
1013 3142 1091 3220 ἐξελ-

1 3279 2 3324 3
112 3248 236 3321 θόντας
255 3242 465 3309 Ἐλευσῖνάδε
493 3247 571 3321 τοὺς
599 3246 635 3310 ἐν
661 3246 771 3329 ἡλικία
793 3246 848 3308 καί
871 3245 947 3320 τοὺς
976 3246 1094 3323 ἱππέας

113 3346 216 3426 δεῖξαι
237 3352 339 3412 πᾶσιν
360 3348 448 3430 ὑμᾶς
471 3349 594 3424 αὐτοὺς
616 3349 652 3413 έν
674 3359 742 3425 τοῖς
765 3350 875 3424 ὅπλοις
898 3350 1006 3429 ὄντας,
1036 3349 1091 3413 ἵνα

113 3461 181 3526 τοῖς
202 3449 239 3514 ἐν
263 3450 387 3532 Θήβαις
410 3460 571 3534 φρονοῦσι
593 3452 634 3514 τὰ
656 3452 782 3535 ὑμέτερ’
806 3450 839 3528 ἐξ
862 3454 937 3515 ίσον
959 3452 1092 3534 γένηται

113 3553 150 3617 τὸ
172 3556 451 3637 παρρησιάζεσθαι
465 3553 539 3636 περὶ
553 3562 620 3616 τῶν
635 3555 783 3634 δικαίων,
807 3556 939 3619 ἰδοῦσιν
953 3554 1012 3632 ότι,
1029 3554 1089 3615 ὥσ·
