2484 3992
384 286 509 348 ΚΑΤΑ
534 284 771 346 ΦΙΛΙΠΠΟΤ
791 284 825 347 Γ.
1054 279 1093 344 91

112 484 200 540 πᾶσι
222 485 290 550 τοῖς
312 474 348 539 έν
369 484 408 558 τῇ
429 475 530 553 πόλει,
555 474 636 537 ὥστε
658 475 713 536 καλ
734 481 803 548 τοῖς
824 472 928 550 ξένοις
949 474 1005 536 καί
1026 482 1094 548 τοῖς

114 579 254 653 δούλοις
284 578 384 660 αὐτῆς
413 577 675 659 μεταδεδώκατε,
712 576 767 639 καλ
796 575 936 651 πολλοὺς
973 579 1015 640 ἄν
1049 598 1099 652 τις

8 746 10 773 7
114 683 250 757 οἰκέτας
278 681 344 745 ἰδοι
370 683 447 764 παρ’
469 680 549 761 ήμῖν
573 680 653 760 μετὰ
678 681 826 754 πλείονος
853 678 1000 756 ἐξουσίας
1027 681 1047 742 ὅ
1067 702 1099 743 τι

114 789 296 869 βούλονται
323 787 477 867 λέγοντας
497 784 518 867 ή
540 786 673 861 πολίτας
702 784 738 848 έν
765 784 868 860 ένίαις
899 794 967 849 τῶν
993 788 1099 850 ἄλλων

8 964 9 971 ¹
114 891 259 970 πόλεων,
282 889 319 953 έκ
332 888 369 952 δὲ
384 897 444 951 τοῦ
466 889 703 971 συμβουλεύειν
723 888 933 951 παντάπασιν
955 886 1097 970 έξεληλά·

8 1018 10 1077 γ
117 1017 209 1060 κατε.
255 990 317 1059 εἶθ’
343 993 422 1075 ὑμῖν
448 994 651 1075 συμβέβηκεν
676 992 712 1055 έκ
736 993 858 1056 τούτου
885 991 922 1055 έν
950 992 1010 1075 μὲν
1031 1003 1129 1069 ταῖς4

118 1098 308 1181 ἐκκλησίαις
322 1105 452 1182 τρυφάν
474 1097 529 1159 καί
544 1098 781 1160 κολακεύεσθαι
803 1098 911 1160 πάντα
931 1096 1012 1181 πρὸς
1026 1097 1099 1177 ήδο-

118 1202 184 1284 νήν
208 1201 401 1279 άκούουσιν,
433 1199 470 1263 έν
492 1200 527 1263 δὲ
549 1209 618 1275 τοῖς
639 1201 806 1281 πράγμασι
828 1200 885 1264 καί
906 1211 974 1277 τοῖς
994 1224 1100 1284 γιγνο·

121 1305 235 1386 μένοις
248 1303 323 1386 περὶ
337 1311 403 1366 τῶν
418 1301 562 1385 ἐσχάτων
575 1302 639 1384 ήδη
654 1303 870 1366 κινδυνεύειν.
908 1303 938 1366 εἰ
959 1304 1019 1385 μὲν
1039 1301 1109 1367 οὖν’

121 1408 178 1471 καί
199 1416 265 1471 νῦν
287 1407 374 1470 οὑτω
396 1406 580 1486 διάκεισθε,
614 1404 676 1469 οὑκ
704 1406 765 1488 ἔγω
786 1408 819 1470 τί
839 1408 936 1488 λέγω·
971 1407 1000 1471 εἰ
1027 1408 1056 1471 δ’
1079 1410 1101 1470 ἄ

124 1512 288 1593 συμφέρει
308 1510 406 1594 χωρίς
427 1511 597 1585 κολακείας
619 1509 779 1591 ἐθελήσετ’
804 1511 947 1590 ἀκούειν,
976 1509 1102 1593 ἕτοιμος

123 1615 239 1695 λέγειν.
263 1613 319 1676 καί
333 1612 397 1696 γάρ
413 1613 440 1675 εἰ
454 1613 545 1675 πάνυ
568 1613 701 1695 φαύλως
722 1612 763 1675 τά
784 1615 945 1697 πράγματ’
969 1615 1031 1697 ἔχει
1046 1614 1101 1676 καί

124 1717 227 1780 πολλὰ
242 1725 400 1799 προεῖται,
412 1716 500 1797 ὅμως
515 1716 615 1794 ἔστιν,
630 1716 690 1779 έᾶν
704 1715 798 1798 ὑμεῖς
812 1717 853 1779 τᾶ
864 1718 983 1781 δέοντα
994 1728 1103 1782 ποιεῖν

124 1822 301 1902 βούλησθε,
318 1819 365 1884 ἔτι
378 1821 487 1883 πάντα
497 1822 587 1884 ταῦτ’
603 1819 916 1903 ἐπανορθώσασθαι.
933 1822 989 1885 καὶ
999 1824 1131 1906 παράσ

126 1922 224 1999 δοξον
245 1923 305 2004 μὲν
327 1925 406 1998 ἴσως
428 1920 516 1986 ἐστίν
539 1922 557 1985 δ
580 1923 684 2004 μέλλω
705 1924 819 2005 λέγειν,
843 1923 963 2007 άληθές
984 1926 1036 1989 δέ·
1065 1926 1102 1990 τὸ

125 2029 287 2110 χείριστον
308 2025 345 2091 ἐν
366 2035 434 2101 τοῖς
454 2026 714 2110 παρεληλυθόσι,
745 2036 842 2090 τοῦτο
863 2029 944 2111 πρὸς
965 2029 1006 2091 τά
1028 2030 1098 2110 μέλ-

127 2133 226 2194 λοντα
241 2130 408 2212 βέλτιστον
423 2129 572 2212 ὑπάρχει.
604 2132 640 2193 τί
653 2126 715 2195 οὑν
737 2129 804 2194 ἐστι
826 2141 940 2217 τοῦτο,
962 2133 1012 2195 ὅτι
1027 2135 1104 2196 ούτε

127 2233 246 2316 μικρὸν
268 2235 344 2296 οὔτε
366 2233 434 2315 μέγ’
458 2232 558 2297 οὐδὲν
568 2242 636 2297 τῶν
651 2234 795 2297 δεόντων
808 2236 996 2299 ποιούντων
1010 2235 1105 2318 ὑμῶν

127 2346 236 2410 κακῶς
257 2336 297 2398 τὰ
318 2336 478 2419 πράγματ’
503 2335 573 2419 έγει,
597 2334 668 2399 έκεί
681 2354 741 2416 τοι,
764 2336 793 2399 εί
807 2338 906 2400 πάνθ’
926 2340 1104 2421 οἳπροσήκε

127 2440 337 2524 πραττόντων
344 2439 430 2503 οὑτω
437 2439 584 2518 διέκειτο,
592 2436 1105 2523 οὐδ’ἄνέλτιίςήναὺτᾶγενέσθαι

127 2544 252 2625 βελτίω.
296 2552 361 2605 νῦν
383 2541 420 2605 δέ
442 2549 499 2624 τής
520 2541 688 2625 ῥᾳθυμίας
709 2551 766 2625 τής
788 2542 945 2625 ὑμετέρας
966 2544 1021 2607 καί
1049 2553 1107 2626 τής

129 2649 279 2730 ἀμελείας
300 2649 476 2728 κεκράτηκε
494 2649 664 2727 Φίλιππος,
679 2657 736 2731 τῆς
749 2649 873 2725 πόλεως
888 2649 918 2713 δ’
934 2649 975 2712 ού
991 2652 1104 2734 κεκρά-

129 2768 244 2835 τηκεν·
260 2748 332 2815 οὐδ’
349 2750 484 2832 ἥττησθ’
506 2750 609 2834 ὑμεῖς,
633 2752 700 2814 ἄλλ’
723 2752 803 2816 οὑδὲ
817 2754 1001 2835 κεκίνησθε.

160 2900 176 2923 .
233 2855 276 2917 Εἰ
296 2853 357 2936 μέν
380 2848 441 2919 οὖν
462 2851 584 2930 ἔξεστιν
606 2855 740 2937 εἰρήνην
763 2859 855 2937 ἄγειν
880 2865 919 2939 τῇ
942 2858 1033 2920 πόλει
1055 2859 1136 2922 καλε

130 2959 180 3040 ἐφ’
204 2957 283 3040 ήμῖν
298 2956 365 3022 έστι
380 2966 487 3038 τοῦτο,
510 2956 552 3020 ἵν’
568 2956 723 3022 ἐντεῦθεν
738 2956 893 3041 ἄρξωμαι,
918 2960 997 3042 φήμ’
1012 2961 1106 3042 ἔγωγ’

132 3069 224 3146 ἄγειν
244 3062 329 3145 ἡμᾶς
350 3062 430 3142 δεῖν,
453 3063 509 3126 καί
530 3062 588 3126 τὸν
609 3071 714 3125 ταῦτα
734 3062 869 3144 λέγοντα
889 3065 1029 3147 γράφειν
1051 3067 1107 3128 καί

131 3170 287 3251 πράττειν
307 3167 364 3231 καί
385 3166 429 3248 μή
453 3168 637 3249 φενακίζειν
653 3166 745 3243 ἀξιῶ·
768 3167 797 3230 εἰ
813 3168 840 3230 δ’
858 3165 966 3251 έτερος
979 3168 1020 3230 τᾶ
1036 3166 1104 3231 ὅπλ’

132 3272 168 3337 έν
190 3281 263 3347 ταῖς
283 3270 396 3355 χερσὶν
418 3270 500 3352 ἔχων
521 3270 578 3332 καὶ
599 3269 744 3352 δύναμιν
764 3269 888 3351 πολλήν
909 3273 984 3351 περὶ
1006 3270 1109 3336 αὑτὸν

131 3378 279 3456 τοῦνομα
301 3373 361 3454 μέν
382 3371 419 3436 τὸ
442 3379 499 3453 τής
521 3373 651 3456 εἰρήνης
672 3371 751 3455 ὑμῖν
772 3374 956 3456 προβάλλει,
986 3383 1054 3449 τοῖς
1075 3373 1105 3436 δ’

133 3478 239 3562 ἔργοις
262 3475 360 3550 αὐτὸς
381 3484 451 3551 τοῖς
463 3484 524 3540 τού
539 3475 685 3558 πολέμου
707 3485 831 3560 γρήται,
854 3478 887 3540 τί
900 3476 1015 3540 λοιπὸν
1030 3480 1108 3540 ἄλλο

133 3579 219 3662 πλήν
234 3578 438 3660 άμύνεσθαι,·
453 3580 593 3660 φάσκειν
608 3579 638 3642 δ’
650 3579 784 3663 εἰρήνην
801 3583 891 3662 ἄγειν
906 3580 935 3644 εί
945 3581 1107 3662 βούλεσθ’,
