2484 3992
167 231 211 297 44
416 235 474 302 IV.
498 238 857 300 ΔΗΜΟΣΘΕΝΟΤΣ

169 433 238 500 τοῖς
258 424 342 488 κατὰ
357 424 418 506 τήν
430 427 527 489 πάλιν
542 424 648 508 αὐτὴν
661 427 823 489 θεάσασθ’
840 425 962 505 ὁποῖοι,
977 423 1016 488 ἐν
1028 446 1065 488 τε
1079 434 1151 499 τοῖς

168 535 291 602 κοινοίς
312 525 376 591 κάν
397 536 465 603 τοῖς
486 528 592 604 ἰδίοις.
637 528 780 612 δημοσίᾳ
802 526 863 610 μὲν
883 527 999 591 τοίνυν
1020 525 1150 590 οἰκοδο

168 629 301 712 μήματα
322 631 379 694 καί
397 632 498 712 κάλλη
513 639 651 695 τοιαῦτα
668 631 724 695 καί
738 639 882 695 τοσαῦτα
897 631 1149 695 κατεσκεύασαν

168 733 247 815 ήμῑν
276 733 452 817 ἱερῶνκαὶ
479 743 545 797 τῶν
573 733 610 798 ἐν
637 735 766 810 τούτοις
794 734 1034 816 ἀναθημάτων,
1064 736 1149 798 ὥστε

169 837 285 920 μηδενὶ
307 844 373 902 τῶν
387 837 647 922 ἐπιγιγνομένων
661 838 847 922 ὑπερβολήν
868 842 1055 922 λελεῖφθαι·
1078 841 1150 924 ἰδίᾳ

169 940 199 1002 δ’
223 940 312 1003 οὕτω
335 945 503 1024 σώφρονες
523 937 611 1023 ήσαν
637 942 694 1005 καί
717 942 833 1026 σφόδρ’
856 941 893 1007 ἐν
913 950 959 1027 τῷ
980 951 1037 1024 της
1059 945 1149 1006 πολι-

126 1054 159 1105 26
169 1042 256 1118 τείας
283 1044 361 1125 ήθει
383 1044 549 1126 μένοντες,
580 1045 662 1110 ὥστε
688 1045 749 1128 τήν
774 1042 974 1129 Ἀριστείδου
1002 1046 1059 1109 καὶ
1087 1045 1150 1128 τήν

167 1147 357 1211 Μιλτιάδου
386 1149 443 1211 καί
465 1156 530 1211 τῶν
551 1150 625 1213 τότε
646 1152 804 1231 λαμπρῶν
825 1149 945 1229 οἰκίαν,
974 1152 1007 1212 εί
1024 1171 1074 1225 τις
1095 1153 1147 1233 ἄρ’

170 1245 261 1314 οἶδεν
282 1250 378 1334 ὑμῶν
405 1250 504 1316 ὁποία
531 1255 600 1316 ποτ
624 1251 729 1332 ἐστίν,
759 1252 822 1337 δρᾷ
842 1261 900 1335 της
920 1262 981 1316 τοῦ
1003 1255 1149 1335 γείτονος

169 1353 270 1418 οὐδὲν
303 1355 503 1439 σεμνοτέραν
535 1352 656 1420 οὖσαν·
695 1356 736 1420 οὐ
772 1356 838 1439 γάρ
871 1355 918 1432 εἰς
953 1359 1150 1440 περιουσίαν

170 1457 332 1543 ἐπράττετ’
349 1460 464 1536 αὐτοῖς
477 1461 518 1524 τδι
532 1468 591 1543 τής
606 1461 740 1542 πόλεως,
756 1460 838 1526 ἀλλὰ
852 1460 890 1525 τδ
905 1462 1020 1525 κοινὸν
1036 1460 1148 1539 αὔξειν

170 1563 305 1638 ἕκαστος
321 1568 400 1648 ᾤετο
416 1565 497 1628 δεῖν.
527 1562 615 1629 ἐκδὲ
630 1574 690 1628 τοῦ
705 1565 746 1629 τδι
761 1565 822 1648 μὲν
831 1561 1004 1648 Ἑλληνικὰ
1018 1576 1148 1647 πιστῶς,

170 1667 211 1729 τδι
233 1666 271 1731 δὲ
292 1666 374 1751 πρὸς
395 1667 472 1742 τοὺς
494 1668 595 1742 θεοὺς
616 1666 767 1749 εὐσεβῶς,
789 1668 830 1731 τὰ
845 1669 874 1733 δ’
890 1666 928 1732 ἐν
942 1666 1056 1744 αὐτοῖς
1070 1672 1170 1744 ἴσως

126 1785 158 1833 27
170 1769 317 1850 διοικεῖν,
340 1771 484 1853 μεγάλην
498 1770 632 1846 εἰκότως
647 1768 813 1852 ἐκτήσαντ’
829 1771 1054 1853 εὐδαιμονίαν.
1079 1774 1150 1836 τότε

174 1873 234 1956 μὲν
256 1873 296 1956 δή
319 1884 440 1939 τοῦτον
461 1874 518 1938 τὸν
539 1875 663 1957 τρόπον
677 1870 741 1957 εἶχε
762 1876 803 1938 τὰ
825 1877 986 1957 πράγματ’
1002 1874 1148 1953 ἐκείνοις,

169 1978 351 2062 χρωμένοις
374 1975 423 2053 οἰς
445 1972 539 2041 εἰπον
560 1979 773 2060 προστάταις·
807 1979 884 2042 νυνί
912 1978 949 2042 δὲ
975 1986 1045 2053 πῶς
1071 1978 1149 2062 ήμῑν

169 2080 234 2145 ὑπὸ
245 2090 312 2145 τῶν
322 2089 470 2164 χρηστῶν
480 2082 609 2145 τούτων
620 2082 660 2144 τὰ
671 2079 832 2166 πράγματ’
847 2083 927 2165 ἐχει,·
939 2078 1004 2165 ἀρά
1014 2086 1043 2165 γ’
1057 2083 1142 2164 ὁμοί·

170 2208 214 2260 ως
231 2185 287 2248 καί
301 2186 536 2269 παραπλησίως
540 2207 554 2265 ,·
575 2184 626 2260 οἷς
637 2220 679 2231 -
692 2185 732 2248 τδι
746 2186 808 2267 μὲν
822 2188 905 2250 ἀλλα
920 2195 1042 2265 σιωπῶ,
1058 2186 1146 2250 πάλλ’

171 2291 214 2356 ἂν
234 2291 317 2373 ἔχων
339 2292 452 2370 εἰπεῖν,
476 2291 542 2354 ἀλλ’
560 2291 638 2374 ὅσης
653 2289 793 2366 ἅπαντες
808 2290 897 2374 ὁρᾶτ’
913 2290 1049 2374 ἐρημίας
1071 2291 1149 2355 ἐπει-

169 2395 337 2476 λημμένοι,
360 2394 634 2477 Λακεδαιμονίων
655 2393 717 2476 μὲν
738 2394 964 2474 ἀπολωλότων,
995 2396 1148 2476 Θηβαίων

171 2497 201 2559 δ’
224 2497 373 2579 ἀσχόλων
395 2498 510 2577 ὄντων,
537 2505 604 2561 τῶν
626 2498 655 2560 δ’
680 2499 787 2561 ἀλλων
809 2497 945 2573 οὐδενὸς
967 2499 1064 2572 ὄντος
1086 2496 1146 2573 ἀξι-

171 2602 273 2684 όχρεω
300 2601 374 2683 περὶ
402 2609 468 2663 τῶν
488 2602 658 2682 πρωτείων
687 2599 766 2683 ήμλν
793 2598 1044 2679 ἀντιτάξασθαι,
1078 2600 1148 2676 ἐξὸν

170 2703 250 2786 ήμίν
271 2703 327 2766 καί
341 2703 382 2766 τδι
397 2702 524 2786 ἡμέτερ’
540 2703 652 2766 αὐτῶν
674 2703 829 2786 ἀσφαλῶς
850 2704 936 2785 ἔχειν
956 2703 1013 2766 καί
1028 2705 1070 2767 τὰ
1084 2712 1147 2767 τῶν

130 2809 283 2870 τεάλλων
312 2807 424 2871 δίκαια
452 2807 643 2889 βραβεύειν,
677 2806 926 2889 ἀπεστερήμεθα
958 2807 1019 2887 μὲν
1046 2812 1150 2890 χώρας

171 2909 302 2990 οἰκείας,
324 2910 425 2975 πλείω
447 2908 514 2991 δή
536 2911 624 2993 χίλια
640 2911 696 2974 καί
710 2911 909 2974 πεντακόσια
930 2911 1060 2974 τάλαντ’
1077 2910 1149 2992 ἀνη-

172 3015 323 3097 λώκαμεν
351 3014 397 3090 εἰς
417 3014 519 3078 οὐδὲν
541 3015 636 3094 δέον,
665 3016 724 3089 οὓς
746 3014 774 3078 δ’
798 3012 835 3078 ἐν
856 3023 902 3099 τῶ
922 3014 1053 3099 πολέμφ
1076 3032 1150 3096 συμ·
1229 3090 1230 3101 ρ

172 3119 298 3200 μάχονς
308 3116 525 3200 ἐκτησάμεθα,
537 3117 670 3201 εἰρήνης
681 3119 782 3199 οὔσης
794 3115 1039 3181 ἀπολωλέκασιν
1050 3116 1150 3196 οὗτοι,
1229 3116 1230 3133 ’

172 3219 292 3303 ἐχθρὸν
315 3221 343 3284 δ’
367 3219 418 3305 ἐφ’
434 3220 519 3303 ήμάς
542 3221 664 3295 αὐτοὺς
685 3223 878 3302 τηλικοῦτον
899 3219 1099 3302 ήσκήκαμεν.
1131 3221 1150 3302 ή

173 3326 332 3408 φρασάτω
354 3346 403 3399 τις
424 3323 498 3407 ἐμοὶ
519 3325 706 3408 παρελθών,
728 3325 835 3388 πόθεν
857 3326 998 3388 ἄλλοθεν
1020 3324 1151 3409 ἰσχυρὸς

129 3444 163 3491 29
173 3429 308 3511 γέγονεν
329 3426 350 3508 ή
373 3424 449 3509 παρ’
473 3426 567 3510 ήμῶν
588 3427 701 3492 αὐτῶν
726 3429 895 3503 Φίλιππος.
940 3426 1006 3490 ἀλλ’
1031 3424 1059 3490 ὦ
1080 3436 1150 3508 τάν,

174 3531 204 3594 εἰ
225 3539 328 3595 ταῦτα
350 3531 495 3614 φαύλως,
516 3533 558 3595 τά
571 3534 600 3613 γ’
613 3529 651 3594 ἐν
666 3532 749 3615 αὐτή
765 3539 804 3615 τή
819 3532 912 3599 πόλει
932 3540 998 3596 νῦν
1019 3534 1152 3615 ἄμεινον
