<?xml version="1.0" encoding="UTF-8"?>
<!DOCTYPE html PUBLIC "-//W3C//DTD XHTML 1.0 Transitional//EN"
    "http://www.w3.org/TR/xhtml1/DTD/xhtml1-transitional.dtd">
<html xmlns="http://www.w3.org/1999/xhtml" xml:lang="en" lang="en">
 <head>
  <title>
</title>
<meta http-equiv="Content-Type" content="text/html;charset=utf-8" />
  <meta name='ocr-system' content='tesseract 3.04.00' />
  <meta name='ocr-capabilities' content='ocr_page ocr_carea ocr_par ocr_line ocrx_word'/>
</head>
<body>
  <div class='ocr_page' id='page_1' title='image "./orationesselect00demogoog_0143.png"; bbox 0 0 2484 3992; ppageno 0'>
   <div class='ocr_carea' id='block_1_1' title="bbox 474 222 1086 289">
    <p class='ocr_par' dir='ltr' id='par_1_1' title="bbox 474 222 1086 289">
     <span class='ocr_line' id='line_1_1' title="bbox 474 222 1086 289; baseline -0.003 0"><span class='ocrx_word' id='word_1_1' title='bbox 474 222 716 289; x_wconf 86' lang='lat' dir='ltr'><strong>APPENDIX.</strong></span> <span class='ocrx_word' id='word_1_2' title='bbox 1025 222 1086 287; x_wconf 85' lang='lat'><strong><em>119</em></strong></span> 
     </span>
    </p>
   </div>
   <div class='ocr_carea' id='block_1_2' title="bbox 105 410 1114 2149">
    <p class='ocr_par' dir='ltr' id='par_1_2' title="bbox 105 410 1114 2149">
     <span class='ocr_line' id='line_1_2' title="bbox 108 410 1083 498; baseline 0 -21"><span class='ocrx_word' id='word_1_3' title='bbox 108 414 234 497; x_wconf 74' lang='grc' dir='ltr'><strong><em>ἔχοντες</em></strong></span> <span class='ocrx_word' id='word_1_4' title='bbox 267 414 466 494; x_wconf 81' lang='grc' dir='ltr'><em>συμμάχους,</em></span> <span class='ocrx_word' id='word_1_5' title='bbox 499 414 630 495; x_wconf 87' lang='grc' dir='ltr'><strong><em>μυρίοις</em></strong></span> <span class='ocrx_word' id='word_1_6' title='bbox 662 411 699 475; x_wconf 80' lang='grc' dir='ltr'><strong><em>δὲ</em></strong></span> <span class='ocrx_word' id='word_1_7' title='bbox 728 410 832 489; x_wconf 79' lang='grc' dir='ltr'><strong><em>ξένοις</em></strong></span> <span class='ocrx_word' id='word_1_8' title='bbox 861 413 916 475; x_wconf 83' lang='grc' dir='ltr'><strong><em>καὶ</em></strong></span> <span class='ocrx_word' id='word_1_9' title='bbox 939 414 1083 498; x_wconf 81' lang='grc' dir='ltr'><strong><em>τριήρεσι</em></strong></span> 
     </span>
     <span class='ocr_line' id='line_1_3' title="bbox 105 514 1085 598; baseline 0 -18"><span class='ocrx_word' id='word_1_10' title='bbox 105 514 302 598; x_wconf 75' lang='grc' dir='ltr'><strong><em>πεντήκονθ’</em></strong></span> <span class='ocrx_word' id='word_1_11' title='bbox 319 514 412 598; x_wconf 80' lang='grc' dir='ltr'><strong><em>ὑμῶν</em></strong></span> <span class='ocrx_word' id='word_1_12' title='bbox 431 517 670 598; x_wconf 75' lang='grc' dir='ltr'><strong><em>βοηθησάντων</em></strong></span> <span class='ocrx_word' id='word_1_13' title='bbox 685 515 805 594; x_wconf 83' lang='grc' dir='ltr'><strong><em>αὐτοῖς,</em></strong></span> <span class='ocrx_word' id='word_1_14' title='bbox 828 519 901 580; x_wconf 88' lang='grc' dir='ltr'><strong><em>κάτι</em></strong></span> <span class='ocrx_word' id='word_1_15' title='bbox 916 527 982 581; x_wconf 72' lang='grc' dir='ltr'><strong><em>τοῖν</em></strong></span> <span class='ocrx_word' id='word_1_16' title='bbox 996 521 1085 582; x_wconf 86' lang='grc' dir='ltr'><strong><em>πολι·</em></strong></span> 
     </span>
     <span class='ocr_line' id='line_1_4' title="bbox 106 618 1084 703; baseline 0 -20"><span class='ocrx_word' id='word_1_17' title='bbox 106 629 173 683; x_wconf 80' lang='grc' dir='ltr'><strong><em>τῶν</em></strong></span> <span class='ocrx_word' id='word_1_18' title='bbox 194 620 474 703; x_wconf 79' lang='grc' dir='ltr'><strong><em>τετρακισχιλίοις,</em></strong></span> <span class='ocrx_word' id='word_1_19' title='bbox 503 618 603 682; x_wconf 80' lang='grc' dir='ltr'><strong><em>οὐδὲν</em></strong></span> <span class='ocrx_word' id='word_1_20' title='bbox 632 618 753 694; x_wconf 82' lang='grc' dir='ltr'><strong><em>αὐτοὺς</em></strong></span> <span class='ocrx_word' id='word_1_21' title='bbox 781 621 908 683; x_wconf 90' lang='grc' dir='ltr'><strong><em>τούτων</em></strong></span> <span class='ocrx_word' id='word_1_22' title='bbox 929 619 1084 701; x_wconf 77' lang='grc' dir='ltr'><strong><em>ἠδυνήθη</em></strong></span> 
     </span>
     <span class='ocr_line' id='line_1_5' title="bbox 106 720 1082 805; baseline 0.002 -21"><span class='ocrx_word' id='word_1_23' title='bbox 106 732 222 801; x_wconf 84' lang='grc' dir='ltr'><strong><em>σῶσαι,</em></strong></span> <span class='ocrx_word' id='word_1_24' title='bbox 246 721 326 785; x_wconf 77' lang='grc' dir='ltr'><strong><em>άλίά</em></strong></span> <span class='ocrx_word' id='word_1_25' title='bbox 347 723 426 804; x_wconf 82' lang='grc' dir='ltr'><strong><em>πρίν</em></strong></span> <span class='ocrx_word' id='word_1_26' title='bbox 446 722 508 804; x_wconf 81' lang='grc' dir='ltr'><strong><em>μὲν</em></strong></span> <span class='ocrx_word' id='word_1_27' title='bbox 528 720 670 797; x_wconf 76' lang='grc' dir='ltr'><strong><em>ἐξελθεῖν</em></strong></span> <span class='ocrx_word' id='word_1_28' title='bbox 685 721 838 787; x_wconf 79' lang='grc' dir='ltr'><strong><em>ἐνιαυτὸν</em></strong></span> <span class='ocrx_word' id='word_1_29' title='bbox 851 731 911 785; x_wconf 86' lang='grc' dir='ltr'><strong><em>τοῦ</em></strong></span> <span class='ocrx_word' id='word_1_30' title='bbox 927 724 1082 805; x_wconf 84' lang='grc' dir='ltr'><strong><em>πολέμου,</em></strong></span> 
     </span>
     <span class='ocr_line' id='line_1_6' title="bbox 107 825 1084 909; baseline 0 -21"><span class='ocrx_word' id='word_1_31' title='bbox 107 825 165 900; x_wconf 77' lang='grc' dir='ltr'><strong><em>τὰς</em></strong></span> <span class='ocrx_word' id='word_1_32' title='bbox 186 825 296 900; x_wconf 81' lang='grc' dir='ltr'><strong><em>πόλεις</em></strong></span> <span class='ocrx_word' id='word_1_33' title='bbox 318 825 447 900; x_wconf 79' lang='grc' dir='ltr'><strong><em>ἁπάσας</em></strong></span> <span class='ocrx_word' id='word_1_34' title='bbox 469 825 726 889; x_wconf 79' lang='grc' dir='ltr'><strong><em>ἀπωλωλέκεσαν</em></strong></span> <span class='ocrx_word' id='word_1_35' title='bbox 753 826 811 901; x_wconf 85' lang='grc' dir='ltr'><strong><em>τάς</em></strong></span> <span class='ocrx_word' id='word_1_36' title='bbox 840 825 876 890; x_wconf 78' lang='grc' dir='ltr'><strong><em>ἐν</em></strong></span> <span class='ocrx_word' id='word_1_37' title='bbox 903 835 942 909; x_wconf 79' lang='grc' dir='ltr'><strong><em>τή</em></strong></span> <span class='ocrx_word' id='word_1_38' title='bbox 966 830 1084 889; x_wconf 89' lang='grc' dir='ltr'><strong><em>Χαλκι·</em></strong></span> 
     </span>
     <span class='ocr_line' id='line_1_7' title="bbox 108 928 1085 1012; baseline 0 -21"><span class='ocrx_word' id='word_1_39' title='bbox 108 928 183 1012; x_wconf 83' lang='grc' dir='ltr'><strong><em>δική</em></strong></span> <span class='ocrx_word' id='word_1_40' title='bbox 198 928 419 1012; x_wconf 85' lang='grc' dir='ltr'><strong><em>προδιδόντες,</em></strong></span> <span class='ocrx_word' id='word_1_41' title='bbox 442 928 498 991; x_wconf 84' lang='grc' dir='ltr'><strong><em>καῖ</em></strong></span> <span class='ocrx_word' id='word_1_42' title='bbox 510 929 670 1003; x_wconf 87' lang='grc' dir='ltr'><strong><em>Φίλιππος</em></strong></span> <span class='ocrx_word' id='word_1_43' title='bbox 685 929 745 1009; x_wconf 87' lang='grc' dir='ltr'><strong><em>οὐχ</em></strong></span> <span class='ocrx_word' id='word_1_44' title='bbox 760 929 891 1011; x_wconf 83' lang='grc' dir='ltr'><strong><em>ὑπεῖχεν</em></strong></span> <span class='ocrx_word' id='word_1_45' title='bbox 905 929 1085 992; x_wconf 79' lang='grc' dir='ltr'><strong><em>ὑπακούων</em></strong></span> 
     </span>
     <span class='ocr_line' id='line_1_8' title="bbox 107 1027 1114 1115; baseline 0.001 -22"><span class='ocrx_word' id='word_1_46' title='bbox 107 1042 175 1106; x_wconf 86' lang='grc' dir='ltr'><strong><em>τοῖς</em></strong></span> <span class='ocrx_word' id='word_1_47' title='bbox 195 1031 424 1115; x_wconf 78' lang='grc' dir='ltr'><strong><em>προδιδοῦσιν,</em></strong></span> <span class='ocrx_word' id='word_1_48' title='bbox 447 1031 518 1094; x_wconf 87' lang='grc' dir='ltr'><strong><em>οὐδ’</em></strong></span> <span class='ocrx_word' id='word_1_49' title='bbox 541 1027 597 1112; x_wconf 76' lang='grc' dir='ltr'><strong><em>εἶχ’</em></strong></span> <span class='ocrx_word' id='word_1_50' title='bbox 622 1031 687 1094; x_wconf 84' lang='grc' dir='ltr'><strong><em>ὅτι</em></strong></span> <span class='ocrx_word' id='word_1_51' title='bbox 701 1040 833 1113; x_wconf 82' lang='grc' dir='ltr'><strong><em>πρῶτον</em></strong></span> <span class='ocrx_word' id='word_1_52' title='bbox 847 1031 940 1114; x_wconf 87' lang='grc' dir='ltr'><strong><em>λάβη.</em></strong></span> <span class='ocrx_word' id='word_1_53' title='bbox 970 1048 1114 1094; x_wconf 70' lang='lat' dir='ltr'><strong>mvsa-9</strong></span> 
     </span>
     <span class='ocr_line' id='line_1_9' title="bbox 107 1134 1084 1217; baseline 0.001 -22"><span class='ocrx_word' id='word_1_54' title='bbox 107 1135 241 1209; x_wconf 88' lang='grc' dir='ltr'><strong><em>κοσίους</em></strong></span> <span class='ocrx_word' id='word_1_55' title='bbox 263 1134 291 1197; x_wconf 78' lang='grc' dir='ltr'><strong><em>δ’</em></strong></span> <span class='ocrx_word' id='word_1_56' title='bbox 315 1134 432 1209; x_wconf 77' lang='grc' dir='ltr'><strong><em>ἱππέας</em></strong></span> <span class='ocrx_word' id='word_1_57' title='bbox 453 1134 678 1217; x_wconf 75' lang='grc' dir='ltr'><strong><em>προδοθέντας</em></strong></span> <span class='ocrx_word' id='word_1_58' title='bbox 699 1134 753 1196; x_wconf 81' lang='grc' dir='ltr'><strong><em>ὑπ’</em></strong></span> <span class='ocrx_word' id='word_1_59' title='bbox 778 1134 889 1197; x_wconf 78' lang='grc' dir='ltr'><strong><em>αὐτῶν</em></strong></span> <span class='ocrx_word' id='word_1_60' title='bbox 910 1142 976 1197; x_wconf 81' lang='grc' dir='ltr'><strong><em>τῶν</em></strong></span> <span class='ocrx_word' id='word_1_61' title='bbox 987 1134 1084 1215; x_wconf 87' lang='grc' dir='ltr'><strong><em>ήγου-</em></strong></span> 
     </span>
     <span class='ocr_line' id='line_1_10' title="bbox 108 1233 1085 1318; baseline 0 -18"><span class='ocrx_word' id='word_1_62' title='bbox 108 1238 216 1317; x_wconf 71' lang='grc' dir='ltr'><strong><em>μένων</em></strong></span> <span class='ocrx_word' id='word_1_63' title='bbox 238 1233 323 1318; x_wconf 80' lang='grc' dir='ltr'><strong><em>ἔλαβ’</em></strong></span> <span class='ocrx_word' id='word_1_64' title='bbox 349 1235 461 1312; x_wconf 87' lang='grc' dir='ltr'><strong><em>αὐτοῖς</em></strong></span> <span class='ocrx_word' id='word_1_65' title='bbox 483 1237 595 1313; x_wconf 75' lang='grc' dir='ltr'><strong><em>ὅπλοις</em></strong></span> <span class='ocrx_word' id='word_1_66' title='bbox 617 1238 636 1301; x_wconf 86' lang='grc' dir='ltr'>ὁ</span> <span class='ocrx_word' id='word_1_67' title='bbox 661 1239 830 1315; x_wconf 88' lang='grc' dir='ltr'><strong><em>Φίλιππος,</em></strong></span> <span class='ocrx_word' id='word_1_68' title='bbox 855 1238 953 1312; x_wconf 84' lang='grc' dir='ltr'><strong><em>ὅσους</em></strong></span> <span class='ocrx_word' id='word_1_69' title='bbox 974 1238 1085 1313; x_wconf 85' lang='grc' dir='ltr'><strong><em>οὐδεὶς</em></strong></span> 
     </span>
     <span class='ocr_line' id='line_1_11' title="bbox 107 1338 1084 1425; baseline 0.002 -24"><span class='ocrx_word' id='word_1_70' title='bbox 107 1341 230 1402; x_wconf 84' lang='grc' dir='ltr'><strong><em>πώποτ’</em></strong></span> <span class='ocrx_word' id='word_1_71' title='bbox 246 1341 341 1414; x_wconf 82' lang='grc' dir='ltr'><strong><em>ἄλλος</em></strong></span> <span class='ocrx_word' id='word_1_72' title='bbox 353 1338 547 1422; x_wconf 81' lang='grc' dir='ltr'><strong><em>ἀνθρώπων.</em></strong></span> <span class='ocrx_word' id='word_1_73' title='bbox 570 1341 627 1403; x_wconf 82' lang='grc' dir='ltr'><strong><em>καί</em></strong></span> <span class='ocrx_word' id='word_1_74' title='bbox 637 1343 713 1404; x_wconf 85' lang='grc' dir='ltr'><strong><em>οὔτε</em></strong></span> <span class='ocrx_word' id='word_1_75' title='bbox 728 1340 786 1402; x_wconf 87' lang='grc' dir='ltr'><strong><em>τὸν</em></strong></span> <span class='ocrx_word' id='word_1_76' title='bbox 800 1340 893 1421; x_wconf 88' lang='grc' dir='ltr'><strong><em>ήλιον</em></strong></span> <span class='ocrx_word' id='word_1_77' title='bbox 906 1341 1084 1425; x_wconf 73' lang='grc' dir='ltr'><strong><em>ᾐσχύνονθ’</em></strong></span> 
     </span>
     <span class='ocr_line' id='line_1_12' title="bbox 108 1439 1081 1526; baseline 0.003 -23"><span class='ocrx_word' id='word_1_78' title='bbox 108 1441 140 1504; x_wconf 81' lang='grc' dir='ltr'><strong><em>οῖ</em></strong></span> <span class='ocrx_word' id='word_1_79' title='bbox 160 1450 266 1504; x_wconf 81' lang='grc' dir='ltr'><strong><em>ταῦτα</em></strong></span> <span class='ocrx_word' id='word_1_80' title='bbox 287 1451 460 1517; x_wconf 86' lang='grc' dir='ltr'><strong><em>ποιοῦντες</em></strong></span> <span class='ocrx_word' id='word_1_81' title='bbox 480 1445 557 1506; x_wconf 84' lang='grc' dir='ltr'><strong><em>οὔτε</em></strong></span> <span class='ocrx_word' id='word_1_82' title='bbox 579 1444 639 1522; x_wconf 88' lang='grc' dir='ltr'><strong><em>τήν</em></strong></span> <span class='ocrx_word' id='word_1_83' title='bbox 660 1453 724 1525; x_wconf 76' lang='grc' dir='ltr'><strong><em>γῆν</em></strong></span> <span class='ocrx_word' id='word_1_84' title='bbox 744 1445 873 1525; x_wconf 83' lang='grc' dir='ltr'><strong><em>πατρίδ’</em></strong></span> <span class='ocrx_word' id='word_1_85' title='bbox 890 1439 1007 1522; x_wconf 86' lang='grc' dir='ltr'><strong><em>οὖσαν,</em></strong></span> <span class='ocrx_word' id='word_1_86' title='bbox 1031 1440 1081 1526; x_wconf 79' lang='grc' dir='ltr'><strong><em>ἐφ’</em></strong></span> 
     </span>
     <span class='ocr_line' id='line_1_13' title="bbox 107 1542 1085 1631; baseline 0.001 -22"><span class='ocrx_word' id='word_1_87' title='bbox 107 1542 145 1626; x_wconf 80' lang='grc' dir='ltr'><strong><em>ής</em></strong></span> <span class='ocrx_word' id='word_1_88' title='bbox 167 1543 327 1627; x_wconf 76' lang='grc' dir='ltr'><strong><em>ἕστασαν,</em></strong></span> <span class='ocrx_word' id='word_1_89' title='bbox 360 1542 434 1610; x_wconf 84' lang='grc' dir='ltr'><strong><em>οὔθ’</em></strong></span> <span class='ocrx_word' id='word_1_90' title='bbox 460 1546 517 1630; x_wconf 83' lang='grc' dir='ltr'><strong><em>ἱέρ’</em></strong></span> <span class='ocrx_word' id='word_1_91' title='bbox 541 1549 617 1611; x_wconf 83' lang='grc' dir='ltr'><strong><em>ούτε</em></strong></span> <span class='ocrx_word' id='word_1_92' title='bbox 639 1549 777 1631; x_wconf 88' lang='grc' dir='ltr'><strong><em>τάφους,</em></strong></span> <span class='ocrx_word' id='word_1_93' title='bbox 811 1549 886 1611; x_wconf 89' lang='grc' dir='ltr'><strong><em>ούτε</em></strong></span> <span class='ocrx_word' id='word_1_94' title='bbox 915 1548 975 1629; x_wconf 83' lang='grc' dir='ltr'><strong><em>τήν</em></strong></span> <span class='ocrx_word' id='word_1_95' title='bbox 1004 1549 1085 1629; x_wconf 81' lang='grc' dir='ltr'><strong><em>μετὰ</em></strong></span> 
     </span>
     <span class='ocr_line' id='line_1_14' title="bbox 107 1649 1083 1733; baseline 0.002 -23"><span class='ocrx_word' id='word_1_96' title='bbox 107 1658 211 1712; x_wconf 84' lang='grc' dir='ltr'><strong><em>ταῦτα</em></strong></span> <span class='ocrx_word' id='word_1_97' title='bbox 243 1650 466 1731; x_wconf 73' lang='grc' dir='ltr'><strong><em>γενησομένην</em></strong></span> <span class='ocrx_word' id='word_1_98' title='bbox 498 1650 660 1732; x_wconf 83' lang='grc' dir='ltr'><strong><em>αἰσχύνην</em></strong></span> <span class='ocrx_word' id='word_1_99' title='bbox 688 1649 742 1715; x_wconf 79' lang='grc' dir='ltr'><strong><em>ἐπὶ</em></strong></span> <span class='ocrx_word' id='word_1_100' title='bbox 767 1652 929 1724; x_wconf 85' lang='grc' dir='ltr'><strong><em>τοιούτοις</em></strong></span> <span class='ocrx_word' id='word_1_101' title='bbox 963 1651 1083 1733; x_wconf 81' lang='grc' dir='ltr'><strong><em>ἔργοις·</em></strong></span> 
     </span>
     <span class='ocr_line' id='line_1_15' title="bbox 109 1746 1085 1837; baseline 0 -23"><span class='ocrx_word' id='word_1_102' title='bbox 109 1751 213 1827; x_wconf 78' lang='grc' dir='ltr'><strong><em>οὕτως</em></strong></span> <span class='ocrx_word' id='word_1_103' title='bbox 228 1751 400 1834; x_wconf 81' lang='grc' dir='ltr'><strong><em>ἔκφρονας,</em></strong></span> <span class='ocrx_word' id='word_1_104' title='bbox 424 1746 450 1814; x_wconf 79' lang='grc' dir='ltr'><strong>ὦ</strong></span> <span class='ocrx_word' id='word_1_105' title='bbox 466 1752 582 1837; x_wconf 80' lang='grc' dir='ltr'><strong><em>ἄνδρες</em></strong></span> <span class='ocrx_word' id='word_1_106' title='bbox 593 1748 774 1832; x_wconf 81' lang='grc' dir='ltr'><strong><em>Ἀθηναῖοι,</em></strong></span> <span class='ocrx_word' id='word_1_107' title='bbox 796 1753 852 1815; x_wconf 81' lang='grc' dir='ltr'><strong><em>καὶ</em></strong></span> <span class='ocrx_word' id='word_1_108' title='bbox 872 1755 1085 1835; x_wconf 75' lang='grc' dir='ltr'><strong><em>παραπλῆγας</em></strong></span> 
     </span>
     <span class='ocr_line' id='line_1_16' title="bbox 108 1851 1085 1938; baseline 0.002 -22"><span class='ocrx_word' id='word_1_109' title='bbox 108 1854 145 1917; x_wconf 84' lang='grc' dir='ltr'><strong><em>τὸ</em></strong></span> <span class='ocrx_word' id='word_1_110' title='bbox 166 1854 367 1937; x_wconf 82' lang='grc' dir='ltr'><strong><em>δωροδοκεῖν</em></strong></span> <span class='ocrx_word' id='word_1_111' title='bbox 381 1864 477 1919; x_wconf 91' lang='grc' dir='ltr'><strong><em>ποιεῖ.</em></strong></span> <span class='ocrx_word' id='word_1_112' title='bbox 508 1855 594 1937; x_wconf 80' lang='grc' dir='ltr'><strong><em>ὑμεῖς</em></strong></span> <span class='ocrx_word' id='word_1_113' title='bbox 615 1851 687 1935; x_wconf 86' lang='grc' dir='ltr'><strong><em>ούν,</em></strong></span> <span class='ocrx_word' id='word_1_114' title='bbox 710 1855 795 1938; x_wconf 79' lang='grc' dir='ltr'><strong><em>ὑμεῖς</em></strong></span> <span class='ocrx_word' id='word_1_115' title='bbox 817 1851 855 1919; x_wconf 82' lang='grc' dir='ltr'><strong><em>εὖ</em></strong></span> <span class='ocrx_word' id='word_1_116' title='bbox 877 1866 1012 1938; x_wconf 81' lang='grc' dir='ltr'><strong><em>φρονεῖν</em></strong></span> <span class='ocrx_word' id='word_1_117' title='bbox 1035 1857 1085 1919; x_wconf 87' lang='grc' dir='ltr'><strong><em>δεῖ</em></strong></span> 
     </span>
     <span class='ocr_line' id='line_1_17' title="bbox 108 1955 1083 2043; baseline 0.001 -23"><span class='ocrx_word' id='word_1_118' title='bbox 108 1959 184 2033; x_wconf 87' lang='grc' dir='ltr'><strong><em>τοὺς</em></strong></span> <span class='ocrx_word' id='word_1_119' title='bbox 204 1959 358 2037; x_wconf 90' lang='grc' dir='ltr'><strong><em>πολλούς,</em></strong></span> <span class='ocrx_word' id='word_1_120' title='bbox 381 1959 436 2022; x_wconf 84' lang='grc' dir='ltr'><strong><em>καί</em></strong></span> <span class='ocrx_word' id='word_1_121' title='bbox 458 1959 501 2042; x_wconf 87' lang='grc' dir='ltr'><strong><em>μή</em></strong></span> <span class='ocrx_word' id='word_1_122' title='bbox 523 1955 701 2043; x_wconf 81' lang='grc' dir='ltr'><strong><em>’πιτρέπειν</em></strong></span> <span class='ocrx_word' id='word_1_123' title='bbox 722 1960 762 2023; x_wconf 85' lang='grc' dir='ltr'><strong><em>τά</em></strong></span> <span class='ocrx_word' id='word_1_124' title='bbox 777 1961 911 2039; x_wconf 86' lang='grc' dir='ltr'><strong><em>τοιαῦτ’,</em></strong></span> <span class='ocrx_word' id='word_1_125' title='bbox 935 1960 1015 2022; x_wconf 83' lang='grc' dir='ltr'><strong><em>ἀλλὰ</em></strong></span> <span class='ocrx_word' id='word_1_126' title='bbox 1033 1982 1083 2022; x_wconf 89' lang='grc' dir='ltr'><strong><em>κο-</em></strong></span> 
     </span>
     <span class='ocr_line' id='line_1_18' title="bbox 108 2065 387 2149; baseline 0.011 -24"><span class='ocrx_word' id='word_1_127' title='bbox 108 2065 213 2142; x_wconf 76' lang='grc' dir='ltr'><strong><em>λάζειν</em></strong></span> <span class='ocrx_word' id='word_1_128' title='bbox 235 2065 387 2149; x_wconf 77' lang='grc' dir='ltr'><strong><em>δημοσίᾳ.</em></strong></span> 
     </span>
    </p>
   </div>
   <div class='ocr_carea' id='block_1_3' title="bbox 518 2266 670 2275">
    <p class='ocr_par' dir='ltr' id='par_1_3' title="bbox 518 2266 670 2275">
     <span class='ocr_line' id='line_1_19' title="bbox 518 2266 670 2275; baseline 0 -1"><span class='ocrx_word' id='word_1_129' title='bbox 518 2266 670 2275; x_wconf 44' lang='grc' dir='ltr'>..ῳ-..-</span> 
     </span>
    </p>
   </div>
   <div class='ocr_carea' id='block_1_4' title="bbox 574 2478 621 2528">
    <p class='ocr_par' dir='ltr' id='par_1_4' title="bbox 574 2478 621 2528">
     <span class='ocr_line' id='line_1_20' title="bbox 574 2478 621 2528; baseline 0 0"><span class='ocrx_word' id='word_1_130' title='bbox 574 2478 621 2528; x_wconf 82' lang='lat' dir='ltr'><strong><em>vl.</em></strong></span> 
     </span>
    </p>
   </div>
   <div class='ocr_carea' id='block_1_5' title="bbox 108 2598 1083 2892">
    <p class='ocr_par' dir='ltr' id='par_1_5' title="bbox 108 2598 1083 2892">
     <span class='ocr_line' id='line_1_21' title="bbox 108 2598 1083 2688; baseline -0.001 -26"><span class='ocrx_word' id='word_1_131' title='bbox 108 2598 230 2665; x_wconf 81' lang='lat' dir='ltr'>Elatea</span> <span class='ocrx_word' id='word_1_132' title='bbox 247 2622 267 2663; x_wconf 83' lang='lat' dir='ltr'>a</span> <span class='ocrx_word' id='word_1_133' title='bbox 282 2599 435 2688; x_wconf 88' lang='lat' dir='ltr'>Philippo</span> <span class='ocrx_word' id='word_1_134' title='bbox 460 2609 624 2685; x_wconf 77' lang='lat' dir='ltr'>occupata</span> <span class='ocrx_word' id='word_1_135' title='bbox 642 2603 684 2680; x_wconf 85' lang='lat' dir='ltr'><strong><em>(a.</em></strong></span> <span class='ocrx_word' id='word_1_136' title='bbox 701 2599 777 2680; x_wconf 81' lang='lat'>339)</span> <span class='ocrx_word' id='word_1_137' title='bbox 794 2600 936 2665; x_wconf 81' lang='lat' dir='ltr'><strong>Athenis</strong></span> <span class='ocrx_word' id='word_1_138' title='bbox 959 2617 1083 2680; x_wconf 82' lang='lat' dir='ltr'>magna</span> 
     </span>
     <span class='ocr_line' id='line_1_22' title="bbox 108 2702 1082 2789; baseline 0 -24"><span class='ocrx_word' id='word_1_139' title='bbox 108 2703 144 2767; x_wconf 82' lang='lat' dir='ltr'><strong><em>fit</em></strong></span> <span class='ocrx_word' id='word_1_140' title='bbox 165 2702 366 2788; x_wconf 77' lang='lat' dir='ltr'>trepidati03</span> <span class='ocrx_word' id='word_1_141' title='bbox 395 2726 494 2789; x_wconf 83' lang='lat' dir='ltr'><strong>quam</strong></span> <span class='ocrx_word' id='word_1_142' title='bbox 516 2703 762 2769; x_wconf 79' lang='lat' dir='ltr'><strong>Demosthenes</strong></span> <span class='ocrx_word' id='word_1_143' title='bbox 792 2704 890 2769; x_wconf 78' lang='lat' dir='ltr'><strong>sedat</strong></span> <span class='ocrx_word' id='word_1_144' title='bbox 920 2703 1082 2767; x_wconf 82' lang='lat' dir='ltr'><strong>oratione.</strong></span> 
     </span>
     <span class='ocr_line' id='line_1_23' title="bbox 454 2822 741 2892; baseline 0.003 -19"><span class='ocrx_word' id='word_1_145' title='bbox 454 2823 565 2891; x_wconf 84' lang='lat' dir='ltr'><strong>(xvnl.</strong></span> <span class='ocrx_word' id='word_1_146' title='bbox 586 2822 741 2892; x_wconf 76' lang='lat'>169-179.)</span> 
     </span>
    </p>
   </div>
   <div class='ocr_carea' id='block_1_6' title="bbox 106 2989 1085 3595">
    <p class='ocr_par' dir='ltr' id='par_1_6' title="bbox 106 2989 1085 3595">
     <span class='ocr_line' id='line_1_24' title="bbox 203 2989 1084 3077; baseline -0.001 -19"><span class='ocrx_word' id='word_1_147' title='bbox 203 2991 345 3077; x_wconf 82' lang='grc' dir='ltr'><strong><em>Ἑσπίρα</em></strong></span> <span class='ocrx_word' id='word_1_148' title='bbox 372 2994 433 3076; x_wconf 80' lang='grc' dir='ltr'><strong><em>μὲν</em></strong></span> <span class='ocrx_word' id='word_1_149' title='bbox 460 2989 516 3075; x_wconf 81' lang='grc' dir='ltr'><strong><em>ήν,</em></strong></span> <span class='ocrx_word' id='word_1_150' title='bbox 543 2991 602 3074; x_wconf 87' lang='grc' dir='ltr'><strong><em>ήκε</em></strong></span> <span class='ocrx_word' id='word_1_151' title='bbox 625 2990 653 3056; x_wconf 89' lang='grc' dir='ltr'><strong><em>δ’</em></strong></span> <span class='ocrx_word' id='word_1_152' title='bbox 678 2992 843 3076; x_wconf 85' lang='grc' dir='ltr'><strong><em>άγγίλλων</em></strong></span> <span class='ocrx_word' id='word_1_153' title='bbox 864 3016 913 3069; x_wconf 91' lang='grc' dir='ltr'><strong><em>τις</em></strong></span> <span class='ocrx_word' id='word_1_154' title='bbox 941 2994 984 3069; x_wconf 85' lang='grc' dir='ltr'><strong><em>ὡς</em></strong></span> <span class='ocrx_word' id='word_1_155' title='bbox 1006 2996 1084 3069; x_wconf 83' lang='grc' dir='ltr'><strong><em>τοὺς</em></strong></span> 
     </span>
     <span class='ocr_line' id='line_1_25' title="bbox 107 3093 1081 3182; baseline -0.001 -21"><span class='ocrx_word' id='word_1_156' title='bbox 107 3100 282 3182; x_wconf 85' lang='grc' dir='ltr'><strong><em>πρυτάνεις</em></strong></span> <span class='ocrx_word' id='word_1_157' title='bbox 310 3095 353 3172; x_wconf 80' lang='grc' dir='ltr'><strong><em>ὡς</em></strong></span> <span class='ocrx_word' id='word_1_158' title='bbox 373 3093 518 3161; x_wconf 81' lang='grc' dir='ltr'><strong><em>Ἐλάτεια</em></strong></span> <span class='ocrx_word' id='word_1_159' title='bbox 544 3097 762 3179; x_wconf 83' lang='grc' dir='ltr'><strong><em>κατείληπται.</em></strong></span> <span class='ocrx_word' id='word_1_160' title='bbox 807 3097 863 3159; x_wconf 85' lang='grc' dir='ltr'><strong><em>καῖ</em></strong></span> <span class='ocrx_word' id='word_1_161' title='bbox 883 3098 964 3178; x_wconf 80' lang='grc' dir='ltr'><strong><em>μετὰ</em></strong></span> <span class='ocrx_word' id='word_1_162' title='bbox 986 3101 1081 3160; x_wconf 78' lang='grc' dir='ltr'><strong><em>ταῦθ’</em></strong></span> 
     </span>
     <span class='ocr_line' id='line_1_26' title="bbox 108 3197 1082 3284; baseline 0 -20"><span class='ocrx_word' id='word_1_163' title='bbox 108 3197 220 3284; x_wconf 78' lang='grc' dir='ltr'><strong><em>οἱμὲν</em></strong></span> <span class='ocrx_word' id='word_1_164' title='bbox 242 3200 345 3277; x_wconf 81' lang='grc' dir='ltr'><strong><em>εὐθὺς</em></strong></span> <span class='ocrx_word' id='word_1_165' title='bbox 367 3198 598 3277; x_wconf 80' lang='grc' dir='ltr'><strong><em>ἐξαναστάντες</em></strong></span> <span class='ocrx_word' id='word_1_166' title='bbox 618 3199 739 3282; x_wconf 81' lang='grc' dir='ltr'><strong><em>μεταξὺ</em></strong></span> <span class='ocrx_word' id='word_1_167' title='bbox 768 3200 978 3276; x_wconf 84' lang='grc' dir='ltr'><strong><em>δειπνοῦντες</em></strong></span> <span class='ocrx_word' id='word_1_168' title='bbox 1004 3204 1082 3277; x_wconf 92' lang='grc' dir='ltr'><strong><em>τούς</em></strong></span> 
     </span>
     <span class='ocr_line' id='line_1_27' title="bbox 106 3302 1084 3389; baseline 0 -20"><span class='ocrx_word' id='word_1_169' title='bbox 106 3308 132 3369; x_wconf 86' lang='grc' dir='ltr'><strong><em>τ’</em></strong></span> <span class='ocrx_word' id='word_1_170' title='bbox 153 3305 190 3370; x_wconf 83' lang='grc' dir='ltr'><strong><em>ίιι</em></strong></span> <span class='ocrx_word' id='word_1_171' title='bbox 212 3313 279 3369; x_wconf 81' lang='grc' dir='ltr'><strong><em>τῶν</em></strong></span> <span class='ocrx_word' id='word_1_172' title='bbox 300 3313 430 3386; x_wconf 77' lang='grc' dir='ltr'><strong><em>σκηνῶν</em></strong></span> <span class='ocrx_word' id='word_1_173' title='bbox 451 3312 518 3368; x_wconf 81' lang='grc' dir='ltr'><strong><em>τῶν</em></strong></span> <span class='ocrx_word' id='word_1_174' title='bbox 540 3305 624 3367; x_wconf 84' lang='grc' dir='ltr'><strong><em>κατὰ</em></strong></span> <span class='ocrx_word' id='word_1_175' title='bbox 639 3303 699 3386; x_wconf 81' lang='grc' dir='ltr'><strong><em>τήν</em></strong></span> <span class='ocrx_word' id='word_1_176' title='bbox 715 3304 841 3389; x_wconf 82' lang='grc' dir='ltr'><strong><em>άγοράν</em></strong></span> <span class='ocrx_word' id='word_1_177' title='bbox 862 3302 1006 3387; x_wconf 79' lang='grc' dir='ltr'><strong><em>ἐξεῖργον</em></strong></span> <span class='ocrx_word' id='word_1_178' title='bbox 1027 3307 1084 3369; x_wconf 87' lang='grc' dir='ltr'><strong><em>καῖ</em></strong></span> 
     </span>
     <span class='ocr_line' id='line_1_28' title="bbox 106 3408 1085 3495; baseline 0 -21"><span class='ocrx_word' id='word_1_179' title='bbox 106 3410 144 3474; x_wconf 82' lang='grc' dir='ltr'><strong><em>τά</em></strong></span> <span class='ocrx_word' id='word_1_180' title='bbox 166 3411 254 3494; x_wconf 82' lang='grc' dir='ltr'><strong><em>γέρρ’</em></strong></span> <span class='ocrx_word' id='word_1_181' title='bbox 277 3410 534 3492; x_wconf 74' lang='grc' dir='ltr'><strong><em>ἐνεπίμπρασαν,</em></strong></span> <span class='ocrx_word' id='word_1_182' title='bbox 557 3408 590 3473; x_wconf 78' lang='grc' dir='ltr'><strong><em>οἱ</em></strong></span> <span class='ocrx_word' id='word_1_183' title='bbox 611 3410 649 3473; x_wconf 77' lang='grc' dir='ltr'><strong><em>δὲ</em></strong></span> <span class='ocrx_word' id='word_1_184' title='bbox 671 3411 748 3485; x_wconf 87' lang='grc' dir='ltr'><strong><em>τοὺς</em></strong></span> <span class='ocrx_word' id='word_1_185' title='bbox 771 3412 972 3495; x_wconf 84' lang='grc' dir='ltr'><strong><em>στρατηγοὺς</em></strong></span> <span class='ocrx_word' id='word_1_186' title='bbox 998 3433 1085 3492; x_wconf 85' lang='grc' dir='ltr'><strong><em>μετε-</em></strong></span> 
     </span>
     <span class='ocr_line' id='line_1_29' title="bbox 106 3510 1083 3595; baseline 0 -20"><span class='ocrx_word' id='word_1_187' title='bbox 106 3513 269 3594; x_wconf 79' lang='grc' dir='ltr'><strong><em>πέμποντο</em></strong></span> <span class='ocrx_word' id='word_1_188' title='bbox 296 3512 431 3575; x_wconf 81' lang='grc' dir='ltr'><strong><em>καὶτὸν</em></strong></span> <span class='ocrx_word' id='word_1_189' title='bbox 453 3510 632 3592; x_wconf 85' lang='grc' dir='ltr'><strong><em>σαλπικτήν</em></strong></span> <span class='ocrx_word' id='word_1_190' title='bbox 660 3511 815 3575; x_wconf 79' lang='grc' dir='ltr'><strong><em>ἐκάλουν·</em></strong></span> <span class='ocrx_word' id='word_1_191' title='bbox 849 3514 905 3575; x_wconf 85' lang='grc' dir='ltr'><strong><em>καῖ</em></strong></span> <span class='ocrx_word' id='word_1_192' title='bbox 932 3514 1083 3595; x_wconf 87' lang='grc' dir='ltr'><strong><em>θορύβου</em></strong></span> 
     </span>
    </p>
   </div>
   <div class='ocr_carea' id='block_1_7' title="bbox 0 0 1250 3988">
    <p class='ocr_par' dir='ltr' id='par_1_7' title="bbox 0 0 1250 3988">
     <span class='ocr_line' id='line_1_30' title="bbox 0 0 1250 3988; baseline 0 0"><span class='ocrx_word' id='word_1_193' title='bbox 0 0 1250 3988; x_wconf 95' lang='lat' dir='ltr'><strong><em> </em></strong></span> 
     </span>
    </p>
   </div>
  </div>
 </body>
</html>
