2484 3992
352 270 516 395 V111.
541 236 896 421 ΔΗοτοΣοΗΝονΣ
1019 357 1022 361 .

165 452 240 579 ίξεί
248 456 296 565 :16
312 454 395 565 τῶν
417 502 577 565 τοιούτων
603 499 729 564 ἐθέλειν
761 499 1038 596 άκροῦσθαι.λέ
1039 496 1142 574 ξωδ

164 605 297 687 έρχα,“
276 627 297 667 α
319 605 439 679 πάντες
459 606 596 667 είσεσθε.

121 722 154 772 σε
251 698 358 770 Ἦσαν
381 707 418 772 ἐν
437 704 583 792 Ὀλύνθῳ
605 716 672 770 τῶν
699 705 736 770 ἐν
756 716 824 783 τοῖς
845 707 1035 790 πράγμασιν
1054 702 1142 779 τινές

162 812 223 894 μὲν
248 812 414 876 Φιλίππου
436 812 492 874 καὶ
514 814 615 875 πάνθ’
638 811 876 895 ὑπηρετοῦντες
903 809 1027 896 ἐκείνω,
1054 809 1142 885 τινὲς

162 915 200 979 δὲ
214 920 274 979 τοῦ
295 917 462 998 βελτίστου
478 917 534 978 καὶ
550 916 637 990 ὅπως
652 914 695 997 μὴ
711 915 949 979 δουλεύσουσιν
964 913 997 977 ολ
1010 916 1142 977 πολῖται

161 1022 366 1104 πράττοντες.
397 1020 528 1104 πότεροι
551 1019 592 1102 δὴ
616 1019 676 1102 τὴν
697 1019 827 1103 πατρίδ’
849 1016 1025 1099 έξάλεσανς
1045 1016 1140 1098 ἢπό-

162 1146 251 1209 τεροι
272 1126 351 1200 τοὺς
366 1124 483 1200 ίππέας
497 1125 699 1208 προύδοσαν,
723 1123 770 1186 ὦν
782 1116 1139 1205 προδοθέντωνὉλυν-

160 1235 223 1304 θος
245 1229 407 1310 ductam,-
428 1228 460 1291 οἱ
481 1229 522 1293 τά
547 1230 713 1292 Φιλίππου
727 1236 939 1311 φρονοῦντες,
961 1226 1017 1289 καὶ
1038 1226 1085 1289 ὅτ’
1098 1223 1143 1308 ἦν

161 1331 297 1414 ἡπόλις
319 1333 397 1407 τοὺς
417 1333 458 1396 τὰ
487 1332 636 1413 βέλτιστα
668 1331 822 1413 λέγοντας
854 1339 1142 1412 συκοφαντοῦντες

161 1438 217 1499 καὶ
232 1437 459 1519 διαβάλλοντες
474 1435 588 1516 οὕτως,
612 1435 694 1498 ὥστε
707 1436 809 1516 τόνγ’
830 1431 1070 1515 Ἀπολλωνίδην
1083 1434 1142 1495 καὶ

162 1538 310 1620 ἐκβαλεῖν
331 1539 351 1601 6
373 1540 475 1622 δῆμος
497 1539 516 1601 6
538 1546 605 1603 τῶν
623 1534 806 1603 Ὀλυνθίων
826 1536 972 1618 ἐπείσθη.

117 1660 150 1708 σο
255 1642 306 1706 Ού
327 1645 443 1708 τοίνυν
468 1642 558 1726 παρὰ
587 1644 717 1717 τούτοις
745 1643 849 1725 μόνον
876 1640 913 1705 τὸ
941 1640 1018 1716 ἔθος
1039 1649 1142 1704 τοῦτο

160 1750 268 1811 πάντα
297 1744 367 1810 κάκ’
393 1747 576 1829 εἰργάσατο,
607 1749 722 1810 ἄλλοθι
748 1747 778 1809 δ’
806 1745 972 1828 οὐδαμοῦ·
1007 1745 1074 1808 ἀλλ’
1103 1745 1143 1809 έν

157 1849 316 1936 Ἐρετρίᾳ,
340 1851 451 1933 ἐπειδη
480 1851 722 1932 ἀπαλλαγέντος
746 1853 960 1932 Πλουτάρχου
988 1851 1045 1912 καὶ
1072 1859 1143 1913 τῶν

160 1953 263 2031 ξένων
285 1954 304 2016 6
326 1954 430 2036 δῆμος
451 1950 515 2038 είχε
537 1953 598 2036 την
618 1954 715 2016 πόλιν
736 1954 791 2017 καί
820 1953 879 2017 τὸν
900 1944 1077 2036 Πορθμόν,
1107 1953 1142 2016 ολ

160 2057 221 2139 μὲν
242 2057 293 2141 ἐφ’
315 2057 402 2140 ὑμᾶς
415 2053 498 2138 ἦχον
519 2057 560 2120 τὰ
581 2058 767 2140 πράγματα,
791 2055 823 2118 ολ
845 2057 874 2120 δ’
896 2055 950 2120 έπλ
964 2056 1140 2120 Φίλιππον.

160 2163 337 2237 ἀκούοντες
358 2162 395 2225 δέ
418 2162 544 2224 τούτων
565 2160 606 2224 τὰ
628 2161 731 2223 πολλὰ
753 2162 876 2242 μάλλον
890 2159 923 2222 οἱ
938 2161 1142 2242 ταλαίπωροι

160 2266 216 2329 καὶ
238 2265 410 2348 δυστυχεῖς
428 2259 600 2347 Ἐρετριεῖς
621 2254 832 2339 τελευτῶντες
846 2262 1048 2344 ἐπείσθησαν
1060 2263 1143 2338 τοὺς

117 2385 150 2434 οῦ
159 2369 244 2453 ὑπὲρ
267 2369 377 2433 αὐτῶν
397 2369 551 2450 λέγοντας
572 2367 728 2450 ἐκβαλεῖν.
773 2368 829 2431 καλ
849 2369 914 2452 γάρ
935 2389 986 2430 τοι
1007 2368 1142 2450 πέμψας

153 2471 342 2539 Ἱππόνικον
371 2472 389 2535 6
419 2474 587 2555 σύμμαχος
615 2472 727 2547 αὐτοῖς
752 2468 914 2547 Φίλιππος
940 2472 997 2534 καὶ
1024 2469 1142 2548 ξένους

158 2579 297 2660 χιλίους,
331 2578 370 2640 τά
398 2577 485 2659 τείχη
513 2578 652 2660 περιεῖλε
678 2585 739 2639 τοῦ
769 2578 932 2658 Πορθμοῦ
964 2574 1020 2638 καὶ
1053 2585 1142 2659 τρεῖς

158 2672 354 2764 κατέστησεν
379 2683 573 2764 τυράννους,
590 2679 770 2764 Ἵππαρχον
791 2679 1024 2762 Αὐτομέδοντα
1049 2678 1140 2743 Κλεό
1240 2696 1241 2763 ι

158 2801 296 2870 ταρχον·
319 2784 375 2848 καλ
396 2785 477 2866 μετὰ
498 2787 588 2847 ταῦτ’
612 2781 801 2866 ἐξελήλακεν
822 2781 858 2848 έιι
879 2793 937 2867 τῆς
957 2784 1067 2867 χώρας
1089 2785 1141 2860 δλς
1240 2776 1241 2781 “

157 2889 221 2970 ἤδη
244 2888 554 2970 βουλομένουςζ
491 2893 537 2950 σιό
538 2888 660 2964 ζ.εσθαι

115 3008 148 3056 σι
261 2990 458 3056 Κατίδεῖ
475 2992 635 3055 τὰπολλὰ
657 2992 779 3073 λέγεινς
801 2987 866 3055 ἀλλ’
883 2990 920 3055 έν
932 2987 1033 3075 Ὠρεῷ
1047 2993 1138 3055 Φιλι

160 3114 196 3159 στ
197 3098 270 3179 ίδης
291 3098 352 3180 μὲν
375 3097 509 3181 ἔπραττε
536 3097 612 3159 Φιλί
610 3116 685 3180 ππῳ
706 3096 763 3159 καὶ
784 3096 958 3171 Μένιππος
985 3095 1042 3158 καλ
1065 3099 1138 3159 Σω·

157 3201 277 3283 κράτης
298 3201 354 3263 καὶ
368 3202 458 3275 Θόας
477 3194 552 3262 μαλ’
553 3203 729 3281 Αγαπαῑος,
753 3198 846 3283 οἵπερ
866 3202 931 3264 νύν
953 3198 1111 3283 έχουσι
1078 3220 1139 3282 την
1240 3252 1241 3279 ,

148 3304 246 3367 πόλιν
268 3305 336 3385 (καί
357 3308 447 3367 ταῦτ’
470 3305 594 3387 ᾔδεσαν
614 3303 756 3385 πάντες),
779 3303 951 3388 Εὐφραῖος
966 3304 1005 3367 δέ
1017 3326 1068 3379 τις
1083 3308 1137 3367 ἄν·

157 3413 292 3490 θρωπος
306 3408 362 3471 καλ
376 3411 452 3492 παρ’
467 3408 547 3490 ἡμῖν
561 3410 632 3473 ποτ’
648 3407 762 3472 ἐνθάδ’
778 3408 921 3491 οἰκήσας,
945 3409 1034 3483 ὅπως
1049 3407 1137 3472 έλεύ·

115 3515 253 3592 οῦθεροι
277 3509 334 3571 καὶ
356 3509 495 3590 μηδενὸς
516 3511 633 3573 δοῦλοι
656 3510 796 3575 ἔσονται,
826 3508 924 3587 οὗτος
937 3511 978 3574 τὰ
993 3512 1056 3594 μὲν
1070 3514 1138 3575 ἄλλ’

160 3609 204 3685 ὡς
213 3611 361 3694 ὑβρίζετο
375 3611 431 3672 καὶ
445 3610 717 3694 προύπηλακίζεθ’
733 3613 798 3677 ὑπὸ
820 3623 880 3677 τοῦ
903 3613 1023 3697 δήμου,
1046 3616 1137 3679 πόλλ’
