2484 3992
145 214 206 280 118
526 213 768 281 APPENDIX.

147 404 300 487 ἀσφαλεῖ,
330 403 520 489 φυλάξασθε
543 406 599 468 καὶ
620 406 698 480 τοὺς
719 411 868 488 πρώτους
890 402 1128 488 εἰσαγαγόντας

147 507 342 590 ἀτιμώσατε·
365 510 395 572 εί
417 508 454 572 δὲ
475 509 531 590 μή,
555 512 711 588 σκοπεῖθ’,
734 509 822 584 ὅπως
842 508 886 591 μὴ
902 510 1068 591 τηνικαῦτ’
1086 505 1128 573 εύ

147 612 301 695 λέγεσθαι
323 611 410 690 δόξει
431 610 472 676 τά
494 622 558 677 νῦν
579 613 750 695 εἰρημένα,
786 614 831 676 ὅτ’
860 614 932 677 οὐδ’
962 613 983 676 ό
1004 635 1035 676 τι
1061 613 1125 696 χρὴ

116 725 248 780 αποιεῖν
270 714 362 792 ἕξετε.
407 715 467 798 ούχ
490 716 596 799 ὁρᾶθ’,
620 715 664 791 ὡς
685 715 828 799 ἐναργές,
852 713 878 779 ὦ
902 717 1019 800 ἀνδρες
1033 720 1126 799 Ἀθη-

149 828 249 898 ναῖοι,
272 820 328 881 καλ
351 819 453 903 σαφὲς
474 819 671 903 παράδειγμ’
687 819 719 882 οί
733 821 935 903 ταλαίπωροι
949 822 1127 903 γεγόνασιν

144 918 327 1004 ’ολύνθιοι’,·
350 925 385 987 οἳ
404 922 480 1007 παρ’
505 922 606 987 οὐδὲν
629 924 734 999 οὕτως
757 922 801 999 ὡς
815 922 852 986 τὸ
867 934 1003 987 τοιαῦτα
1018 933 1129 987 ποιεῖν

148 1028 357 1092 ἀπολώλασιν
378 1027 410 1090 οἱ
432 1028 580 1091 δείλαιοι.
613 1027 714 1110 ἐχοττε
736 1023 764 1089 δ’
790 1027 832 1091 ἂν
854 1025 1001 1103 ἐξετάσαι
1022 1031 1127 1090 καθα-

147 1142 212 1217 ρῶς
227 1131 343 1197 ἐκτῶν
363 1133 615 1215 συμβεβηκότων
636 1132 757 1207 αὐτοῖς.
792 1131 911 1195 ἐκεῖνοι
931 1128 1005 1216 γάρ,
1024 1130 1128 1213 ἡνίκα

146 1238 207 1320 μὲν
239 1238 468 1321 τετρακοσίους
496 1236 613 1310 ἱππέας
641 1233 810 1316 ἐκέκτηντο
839 1235 943 1316 μόνον
969 1234 1024 1296 καὶ
1048 1235 1129 1316 σύμ·

147 1363 265 1416 παντες
277 1341 377 1405 ούδέν
384 1338 469 1423 ἦσαν
479 1342 613 1415 πλείους
624 1341 894 1421 πεντακισχιλίων
902 1337 962 1402 τδν
972 1338 1129 1422 ἀριθμόν,

117 1448 241 1509 σούπω
253 1444 443 1509 Χαλκιδέων
464 1446 598 1508 πάντων
620 1444 666 1517 είς
689 1442 724 1506 ἓν
747 1442 1009 1526 συνῳκισμένων,
1021 1445 1128 1505 Λακε-

147 1547 329 1626 δαιμονίων
352 1545 399 1609 ἐπ’
424 1546 547 1622 αύτούς
574 1546 738 1610 ἐλθόντων
765 1547 867 1627 πολλῇ
889 1544 944 1607 καί
966 1546 1042 1628 πεζῇ
1070 1547 1130 1607 καὶ

146 1659 284 1733 ναυτικῇ
307 1651 447 1732 δυνάμει
471 1650 551 1733 (ἴστε
572 1650 638 1733 γάρ
660 1648 769 1730 δήπου
789 1644 894 1727 τοῦθ’,
919 1647 968 1709 ὅτι
989 1655 1050 1729 γης
1072 1649 1131 1712 καὶ

146 1755 308 1836 θαλάττης
341 1750 442 1837 ἦρχον
476 1751 520 1828 ὡς
548 1754 624 1829 ἐντος
651 1753 754 1816 εἰπεῖν
776 1751 1034 1833 Λακεδαιμόνιοι
1056 1755 1129 1814 κατ’

148 1856 293 1932 ἐκείνους
303 1859 382 1933 τοὺς
386 1858 548 1941 χρόνους),
563 1856 629 1920 ἀλλ’
642 1857 729 1937 ὅμως
739 1855 934 1937 τηλικαύτης
944 1854 994 1917 ἐπ’
1005 1855 1132 1930 αὐτοὺς

149 1960 310 2043 ἐλθούσης
336 1962 521 2044 δυνάμεως,
556 1962 632 2024 οὔτε
660 1960 721 2042 τὴν
748 1961 845 2023 πόλιν
867 1961 943 2022 οὔτε
966 1961 1132 2043 φρούριον

150 2063 251 2127 οὐδὲν
273 2063 453 2144 ἀπώλεσαν,
487 2063 569 2126 ἀλλά
592 2064 647 2126 καὶ
669 2064 773 2146 μάχας
793 2062 914 2136 πολλὰς
943 2061 1131 2145 ἐκράτησαν

149 2168 205 2230 καί
226 2177 313 2251 τρεῖς
333 2176 400 2232 τιῦν
422 2169 636 2251 πολεμάρχων
657 2168 860 2247 ἀπέκτειναν,
884 2169 940 2229 καὶ
961 2168 998 2231 τὸ
1021 2170 1131 2232 τελευ-

149 2280 253 2351 ταῖον,
277 2272 364 2348 ὅπως
387 2271 571 2354 ἐβούλοντο,
596 2272 684 2334 οὕτω
705 2270 763 2334 τδν
784 2273 928 2353 πόλεμον
941 2273 1131 2337 κατέθεντο.

120 2375 260 2457 τέπειδη
277 2376 314 2439 δὲ
330 2377 530 2459 δωροδοκεῖν
544 2374 686 2459 ηρξαντό
699 2395 795 2458 τινες,
810 2374 867 2437 καὶ
881 2372 923 2437 δι’
942 2373 1133 2458 ἀβελτερίαν

150 2481 182 2543 οἱ
203 2480 331 2561 πολλοί,
362 2480 540 2563 μᾶλλονδὲ
563 2480 619 2543 δεδι
641 2480 820 2561 δυστυχίαν
848 2481 989 2555 τούτους
1017 2497 1131 2545 πιστο·

150 2586 265 2668 τίρους
285 2585 450 2667 ἡγήσαντο
472 2593 538 2647 τῶν
560 2583 645 2666 ύπέρ
668 2582 777 2647 αὐτῶν
799 2583 970 2666 λεγόντων,
992 2584 1049 2646 καί
1065 2588 1132 2647 Λα-

151 2687 270 2767 σθένης
299 2688 359 2770 μὲν
384 2689 507 2769 ἦρεψεν
535 2686 596 2768 την
624 2687 733 2750 οἰκίαν
760 2695 829 2760 τοῖς
854 2686 891 2749 ἐκ
918 2687 1133 2763 Μακεδονίας

151 2789 280 2852 δοθεῖσι
302 2787 424 2870 ξύλοις,
446 2791 668 2871 Εὐθυκράτης
689 2788 726 2852 δέ
748 2789 827 2871 βοῦς
855 2789 989 2871 ἔτρεφεν
1009 2790 1134 2865 πολλὰς

150 2890 248 2974 τιμὴν
269 2892 383 2956 ούδενῖ
405 2893 493 2973 δούς,
517 2891 625 2976 ἕτερος
647 2893 684 2956 δέ
698 2915 746 2968 τις
767 2890 846 2973 ᾗκεν
868 2891 950 2975 ἔχων
971 2893 1134 2976 πρόβατα,

152 3000 248 3073 ἀλλος
280 2998 318 3062 δέ
338 3019 387 3073 τις
420 2997 555 3077 ἵππους,
590 2997 624 3061 ολ
652 2998 689 3061 δέ
719 2997 833 3060 πολλοὶ
860 3000 936 3060 καθ’
965 2996 1013 3060 ὠν
1039 3000 1133 3060 ταῦτ’

151 3101 304 3185 ἐγίγνετο,
327 3101 388 3183 οὐχ
411 3101 499 3174 ὅπως
521 3099 696 3184 ὠργίζοντο
718 3100 738 3182 ἢ
762 3102 909 3177 κολάζειν
923 3097 1039 3182 ἠξίουν
1051 3104 1134 3178 τοὺς

151 3213 255 3268 ταῦτα
278 3214 469 3283 ποιοῦντας,
494 3203 560 3267 ἀλλ’
591 3203 790 3286 ἀπέβλεπον,
820 3203 971 3284 ἐζήλουν,
1000 3202 1134 3288 ἐτίμων,
1239 3276 1240 3281 1

122 3323 139 3370 8
151 3305 276 3387 ἀνδρας
296 3305 449 3387 ἡγοῦντο,
472 3342 515 3352 -
537 3306 648 3388 ἐπειδη
671 3309 767 3370 ταῦθ’
791 3308 879 3371 οὕτω
893 3307 1055 3391 προήγετο
1078 3311 1136 3373 καί
1238 3308 1239 3365 ἰ

153 3404 191 3468 τὸ
202 3406 402 3488 δωροδοκεῖν
414 3406 580 3490 ἐκράτησε,
594 3410 718 3492 χιλίους
735 3410 795 3491 μὲν
805 3411 921 3486 ἱππέας
931 3413 1135 3494 κεκτημένοι,

154 3508 286 3581 πλείους
307 3502 335 3568 δ’
362 3507 452 3579 ὄντες
466 3507 486 3587 ἢ
502 3511 625 3592 μύριοι,
648 3512 773 3587 πάντας
788 3513 825 3576 δέ
839 3515 917 3589 τοὺς
931 3515 1136 3599 περιχώρους
1237 3506 1239 3579 ἑ
