2484 3992
369 265 494 326 ΚΑΤΑ
525 264 757 327 ommno?
776 265 811 326 B.
1040 262 1082 327 63

88 453 295 535 δαιμονίους
317 452 450 537 ἀφιέναι
471 454 628 533 κελεύων,
655 460 724 528 πῶς
746 452 788 516 ἂν
811 450 1001 536 Ὀρχομενὸν
1021 453 1078 517 καλ

85 556 290 638 Κορώνειαν
312 557 385 620 τότε
408 556 565 639 Θηβαίοις
585 557 832 640 παραδούςτβ
855 556 968 619 δίκαια
989 558 1076 639 νομί·

88 661 163 737 ζειν
184 663 272 723 ταῦτ
297 655 380 723 εἶναι
401 660 612 742 πεποιηκέναι
634 660 811 743 σκήψαιτο,·

105 802 126 825 2.
193 759 274 827 Ἀλλ’
297 762 433 845 ἐβιάσθη
448 762 488 845 νή
505 764 572 827 Δία
595 765 705 844 (τοῦτο
718 765 783 848 γάρ
798 761 870 828 ἐσθ’
885 762 1077 841 ὑπόλοιπον)
1092 779 1124 827 14

88 867 152 928 καὶ
185 866 274 950 παρά
307 871 449 948 γνώμην,
480 875 546 931 τῶν
570 870 741 932 Θετταλῶν
773 866 899 932 ἱππίων
926 866 982 930 καὶ
1008 875 1075 930 τῶν

94 969 254 1051 Θηβαίων
298 969 439 1034 ὁπλιτῶν
478 968 515 1035 ἐν
552 973 641 1056 μίσφ
679 973 832 1055 ληφθείς,
877 977 1079 1056 συνεχώρησε

91 1080 210 1137 ταῦτα.
254 1077 368 1151 καλῶς.
413 1075 538 1139 οὐκοῦν
561 1076 644 1158 φασί
666 1075 726 1157 μὲν
747 1076 874 1157 μέλλειν
895 1076 976 1157 πρὸς
998 1078 1077 1150 τοὺς

96 1177 268 1259 Θηβαίους
300 1177 401 1242 αὐτόν
433 1177 585 1254 ὑπόπτως
619 1179 717 1261 ἔχειν,
756 1181 813 1243 καὶ
845 1182 1075 1260 λογοποιοῦσιν

91 1282 276 1363 περιιόντες
303 1281 389 1357 τινὲς
416 1279 460 1357 ὡς
495 1284 661 1346 Ἐλάτειαν·
693 1291 804 1366 τειχιεῖ
811 1299 819 1316 ·
854 1282 872 1345 ὁ
905 1283 941 1346 δὲ
974 1292 1078 1346 ταῦτα
1090 1299 1121 1347 15

93 1385 157 1467 μὲν
178 1386 287 1467 μέλλει
308 1386 365 1449 καί
386 1386 535 1469 μελλήσει
555 1387 596 1469 γ’,
620 1385 664 1463 ὡς
686 1384 749 1469 ἐγὼ
771 1388 883 1472 νρίνφ,
901 1397 969 1463 τοῖς
991 1391 1077 1451 Μεσ-

93 1488 224 1570 σηνίοις
245 1488 283 1553 δὲ
304 1489 360 1552 καὶ
380 1498 449 1565 τοῖς
467 1485 624 1572 Ἀργείοις
639 1487 691 1552 ἐπὶ
705 1491 783 1564 τοὺς
795 1490 1078 1573 Λαιοεθαιμονίους

95 1593 338 1674 συλλαμβάνειν
361 1592 402 1655 οὐ
429 1592 552 1674 μέλλει,
586 1591 667 1655 ἀλλά
696 1592 752 1656 παλ
774 1592 887 1670 ξένους
908 1594 1077 1676 εἰσπέμπει

92 1696 150 1757 καλ
179 1691 312 1779 χρήματ’
342 1695 529 1760 ἀποστέλλει
561 1696 617 1759 καὶ
650 1697 793 1779 δύναμιν
824 1699 968 1779 μεγάλην
995 1697 1077 1779 ἔχων

93 1797 198 1873 αὐτός
229 1796 297 1862 ἐστι
328 1800 557 1882 προσδόκιμος.
601 1801 680 1874 τοὺς
711 1800 773 1881 μὲν
808 1801 906 1874 ὄντας
938 1799 1078 1882 ἐχθροὺς

96 1900 254 1984 Θηβαίων
275 1903 558 1985 Λακεδαιμονίους
588 1903 734 1986 άυαιρεί,
766 1906 824 1979 οὓς
851 1904 880 1966 θ’
911 1904 1076 1966 άπῶλεσευ

93 2005 197 2080 αὐτὸς
216 2007 377 2090 πρότερον
389 2007 524 2083 Φωκέας
544 2016 608 2071 νῦν
632 2004 740 2093 σφ’ζει,
761 2008 817 2070 καί
838 2009 887 2082 τίς
908 2000 951 2071 dev
972 2016 1075 2071 ταῦτα

92 2109 299 2174 πιστεύσειεν
303 2133 317 2190 ,·
339 2108 403 2193 ἐγὼ
425 2110 486 2192 μὲν
507 2112 571 2194 γάρ
594 2110 656 2174 οὐκ
677 2103 720 2174 ἂν
741 2109 885 2193 ήγοῢμαι
903 2111 1074 2190 Φίλιππον,
1088 2126 1117 2173 16

92 2214 166 2275 οὔτ’
190 2212 218 2275 εί
239 2213 279 2275 τά
300 2223 413 2298 πρῶτα
435 2215 582 2295 βιασθεὶς
604 2218 694 2277 ἄκων
715 2212 860 2296 ἔπραξεν,
889 2216 959 2277 οὔτ’
982 2208 1024 2277 άν
1046 2215 1075 2277 εί

92 2318 161 2378 νῦν
194 2315 436 2399 άπεγίγνῶσιιεν
468 2317 648 2400 Θηβαίους,
679 2327 748 2391 τοῖς
779 2314 913 2380 ἐκείνων
944 2316 1075 2401 ἐχθροῖς

94 2424 239 2501 συνεχῶς
253 2418 497 2500 ἐναντιοῦσθαι,
520 2419 586 2482 ἀλλ’
604 2419 661 2503 ἀφ’
685 2418 732 2482 ὧν
752 2428 816 2482 νῦν
836 2428 931 2500 ποιεῖ,
954 2420 1074 2483 κάκεῑν

94 2521 132 2585 ἐκ
159 2523 379 2607 προαιρέσεως
406 2525 503 2606 θήλός
532 2523 599 2587 ἐστι
628 2524 782 2605 ποιήσας,
816 2523 853 2587 ἐκ
878 2524 1012 2588 πάντων
1033 2525 1073 2604 θ’,

95 2631 138 2690 ἄν
159 2649 209 2702 τις
230 2625 339 2711 ὀρθῶς
364 2632 491 2712 θεωρῇ,
524 2629 625 2691 πάνθ’
654 2628 675 2689 οἳ
704 2628 965 2711 πραγματεύεται
992 2627 1075 2691 κατὰ

94 2736 153 2812 τής
173 2729 298 2806 πόλεως
320 2732 515 2795 συντάττων.
544 2730 600 2793 ναί
621 2726 708 2793 τοῦτ’
733 2728 767 2806 ἐξ
789 2729 932 2813 άνάγκης
952 2730 1076 2815 τρόπον
1088 2746 1118 2794 17

94 2835 155 2897 τινί
172 2834 261 2918 αὐτῷ
275 2842 339 2896 νῦν
353 2856 390 2917 γε
405 2833 445 2915 ῶή
463 2835 643 2916 συμβαίνει.
676 2834 840 2913 λογίζεσθε
855 2835 928 2916 γάρ.
964 2836 1074 2918 άρχειν

94 2936 261 3017 βούλεται,
294 2937 414 3000 τούτου
442 2937 471 3000 θ’
495 2936 737 3019 ἀνταγωνιστάς
769 2938 891 3017 μόνους
923 2935 1073 3019 ὑπείληφ’

95 3037 190 3121 ύμάς.
236 3039 344 3103 άθιιιεῑ
366 3041 472 3104 πολὺν
499 3040 563 3122 ήδη
591 3041 727 3123 χρόνον,
761 3040 817 3102 ναί
848 3040 941 3102 τοῦτ’
975 3037 1074 3113 αὐτὸς

96 3144 214 3225 ἄριστα
237 3144 360 3207 σύνοιδ’
384 3143 488 3229 αὑτῶ·
522 3143 572 3219 οίς
597 3144 663 3228 γάρ
686 3140 781 3206 οὖσιν
809 3142 978 3226 ὑμετέροις
1000 3142 1072 3224 ἔχει,

95 3248 223 3324 τούτοις
244 3250 352 3312 πάντα
373 3251 459 3313 τᾶλλ’
482 3248 638 3331 ἀσφαλῶς
651 3247 815 3330 κέκτηται·
838 3247 867 3311 εἰ
887 3247 951 3329 γὰρ
964 3242 1072 3329 Ἀμφό

95 3352 191 3414 πολιν
217 3351 273 3414 καὶ
297 3351 496 3415 Ποτείύαιαν
516 3360 665 3436 προεῖτο,
693 3348 763 3413 οὐθ’
793 3343 836 3413 ἂν
858 3352 942 3413 οἴκοι
964 3349 1074 3431 μένειν

96 3454 233 3536 βεβαίως
254 3455 371 3538 ήγεῖτο.
418 3455 571 3540 ἀμφότερ’
595 3451 658 3520 οὖν
679 3451 765 3535 οίθε,
791 3455 850 3518 καὶ
869 3450 1074 3534 ζαύτὸνύμῑν
1084 3466 1115 3516 18

97 3556 348 3640 ἐπιβουλεύοντα
370 3560 426 3622 καί
448 3558 532 3641 ὑμῶς
561 3558 837 3640 αἰσθανομένους
871 3552 910 3620 εὖ
936 3564 1073 3639 φρονεῖν
