2484 3992
275 255 387 315 ΠΕΡΙ
409 253 510 314 ΤΩΝ
527 253 594 314 ΕΝ
612 252 914 314 ΧΕΡΡΟΝΗΣΩΙ.
1040 250 1081 315 87

95 442 271 522 βέλτιστον
287 442 347 521 ἀεί,
362 441 406 523 μή
422 442 459 504 τὸ
474 440 596 525 ῥᾷστον
612 440 757 516 ἅπαντας
772 441 892 522 λέγειν·
912 440 960 504 ἐπ’
977 441 1081 506 έκεῖνο

1 541 2 544 '
96 543 245 628 μὲνγὰρ
259 545 279 627 ή
295 547 394 628 φύσις
410 545 493 626 αὐτή
508 544 681 626 βαδιεῖται,
703 543 868 608 ἐπὶτοῦτο
885 543 922 607 δὲ
936 553 980 628 τῷ
996 547 1081 630 λόγῳ

97 647 162 711 δεῖ
180 650 384 731 προάγεσθαι
405 647 605 711 διδάσκοντα
628 645 686 709 τὸν
708 645 836 728 ἀγαθὸν
858 648 1005 729 πολίτην.

202 745 285 832 Ἤδη
309 752 423 814 τοίνυν
444 749 532 824 τινὸς
548 751 677 830 ήκουσα
691 749 747 811 καί
761 750 913 813 τοιοῦτόν
927 770 959 811 τι
972 750 1080 832 λέγον·
1090 766 1123 814 73

96 875 173 933 τος,
205 851 247 928 ὡς
270 853 321 937 ἀρ’
345 852 407 935 ἐγὼ
430 853 512 934 λέγω
534 852 595 933 μὲν
617 852 669 915 ἀεὶ
690 852 731 915 τδι
752 853 909 934 βέλτιστα,
941 853 1028 917 έστιν
1049 855 1079 917 δ’

97 957 205 1021 οὐδὲν
227 957 293 1021 ἀλλ’
316 957 336 1038 ή
360 958 451 1039 λύγοι
473 957 512 1019 τὰ
540 953 614 1040 παρ’
648 956 744 1038 ἐμοῦ,
777 957 828 1019 δεῖ
855 957 884 1019 δ’
908 957 1012 1038 ἔργων
1040 968 1079 1041 τῇ

96 1060 195 1124 πόλει
217 1061 274 1123 καὶ
295 1059 441 1144 πράξεώς
462 1081 559 1134 τινος.
603 1058 668 1140 ἐγὼ
691 1059 722 1121 δ’
745 1058 789 1134 ὡς
816 1059 877 1140 ἔχω
906 1060 981 1142 περὶ
1007 1063 1079 1124 τού-

99 1183 186 1242 των,
221 1162 302 1240 λέξω
323 1163 405 1246 πρὸς
427 1163 512 1243 ὑμᾶς
542 1162 598 1225 καὶ
626 1161 687 1224 οὑκ
715 1163 960 1244 ἀποκρύψομαι.
1005 1163 1077 1227 οὐδ’

98 1261 186 1330 εἶναι
209 1269 330 1348 νομίζω
352 1276 412 1330 τού
442 1267 724 1348 συμβουλεύοντος
751 1267 831 1347 ὑμῖν
857 1266 953 1349 ἔργον
980 1267 1079 1331 οὐδὲν

97 1369 185 1452 πλήν
208 1369 311 1433 εἰπεῖν
333 1371 373 1432 τὰ
395 1370 550 1451 βέλτιστα.
595 1370 652 1431 καί
673 1372 766 1433 τοῦθ’
791 1370 841 1432 ὅτι
870 1378 988 1433 τοῦτον
1016 1370 1078 1452 ἔχει

96 1472 157 1536 τὸν
179 1473 304 1553 τρόπον
330 1472 452 1556 ῥᾳδίως
479 1468 570 1555 οἶμαι
599 1470 725 1548 δείξειν.
770 1475 838 1536 ἴστε
869 1473 935 1554 γὰρ
968 1473 1076 1554 δήπου
1087 1491 1120 1540 74

98 1580 212 1656 τοῦθ’,
247 1577 297 1641 ὅτι
322 1579 483 1659 Τιμόθεός
510 1580 581 1640 ποτ’
609 1576 732 1651 ἐκεῖνος
762 1576 798 1639 έν
820 1576 899 1658 ὑμῖν
921 1577 1077 1660 ἐδημηγό-

99 1697 210 1763 ρησεν,
235 1679 278 1755 ὡς
300 1681 353 1744 δεῖ
371 1681 509 1762 βοηθεῖν
530 1680 686 1754 καὶτοὺς
708 1680 856 1760 Εὐβοέας
880 1682 1000 1764 σῴζειν,
1024 1681 1077 1745 ὅτε

102 1786 243 1866 Θηβαῖοι
266 1785 516 1847 κατεδουλοῦντ’
540 1784 672 1862 αύτούς,
695 1785 751 1845 καί
765 1784 869 1865 λέγων
884 1780 974 1848 εἷπεν
989 1787 1077 1848 οὑτω

98 1906 186 1963 πως·
213 1887 302 1971 ,είπὲ
324 1910 389 1968 μοι,
412 1884 628 1969 βουλεύεσθἀ
654 1887 715 1970 ἔφη
742 1888 928 1969 ,Θηβαίους
951 1888 1077 1970 ἔχοντες

99 1991 135 2055 έν
149 1990 251 2075 νήσῳ,
273 1992 307 2053 τί
319 1991 477 2073 χρήσεσθε
492 1991 548 2054 καί
563 1992 595 2054 τί
609 1992 663 2053 δεῖ
674 1999 795 2070 ποιεῖν,
817 1989 880 2054 οὐκ
902 1989 1075 2072 ἐμπλήσετε

98 2093 159 2175 τήν
190 2095 376 2173 θάλατταν,
408 2088 434 2155 ὦ
464 2094 582 2176 ἀνδρες
603 2097 788 2174 Ἀθηναῖοι,
821 2093 981 2176 τριήρων,
1015 2096 1076 2157 οὐκ

98 2195 298 2271 ἀναστάντες
318 2197 381 2278 ήδη
404 2197 597 2280 πορεύσεσθ’
621 2197 668 2271 είς
682 2195 740 2258 τὸν
756 2199 911 2277 Πειραιοῖ,
933 2197 974 2258 οὐ
997 2202 1075 2260 καθ·

98 2299 201 2378 έλξετε
231 2300 289 2375 τάς
317 2299 435 2381 ναῦς,·“
470 2301 595 2364 οὐκοῦν
626 2297 694 2363 εἷπε
723 2300 782 2381 μὲν
809 2304 904 2363 ταῦθ’
936 2300 954 2361 ὁ
980 2302 1116 2383 Tam-75

97 2410 185 2483 θεος,
208 2404 380 2485 ἐποιήσατε
409 2402 436 2468 δ’
460 2404 567 2486 ὑμεῖς·
602 2404 639 2468 έκ
667 2403 703 2466 δὲ
726 2404 852 2466 τούτων
881 2404 1075 2488 ἀμφοτέρων

97 2509 135 2572 τὸ
168 2511 290 2592 πρᾶγμ’
325 2508 481 2592 ἐπράχθη.
527 2509 555 2572 εί
578 2509 605 2571 δ’
630 2508 649 2570 ὁ
670 2507 730 2589 μέν
755 2503 844 2571 εἶπεν
874 2506 917 2582 ὡς
946 2507 1074 2573 οἷόντε

98 2616 245 2695 τᾶριστά,
269 2614 376 2695 ὥσπερ
398 2609 502 2692 εἶπεν,
532 2613 624 2695 ὑμεῖς
646 2614 674 2676 δ’
699 2612 996 2696 ἀπερρᾳθυμήσατε
1019 2616 1073 2676 καί

99 2716 201 2798 μηδὲν
230 2714 456 2797 ὑπηκούσατε,
486 2713 537 2800 ἀρ’
567 2716 608 2778 ἂν
636 2712 678 2797 ήν
704 2718 840 2798 γεγονός
862 2726 980 2780 τιτῶν
1002 2717 1074 2780 τότε

100 2819 294 2901 συμβάντων
315 2827 354 2902 σή
376 2819 467 2882 πόλει
472 2842 485 2898 ,·
507 2819 566 2900 οὐχ
589 2818 662 2881 οἶόν
683 2840 726 2882 τε.
772 2820 858 2881 οὕτω
881 2821 996 2882 τοίνυν
1017 2821 1073 2882 καί

98 2923 171 3006 περὶ
194 2922 241 2984 ὠν
264 2921 306 2984 ἂν
328 2921 391 3004 ἐγὼ
414 2923 497 3004 λέγω
525 2923 580 2984 καί
607 2923 682 3004 περὶ
706 2921 752 2983 ὧν
781 2922 822 2986 ἀν
844 2922 862 2983 δ
885 2923 964 2984 δεῖν’
988 2926 1071 3005 εἴπῃ,

98 3026 137 3089 τά
159 3026 219 3108 μέν
241 3025 320 3108 ἔργα
341 3029 418 3108 παρ’
442 3025 535 3108 ὑμῶν
557 3026 669 3090 αὐτῶν
684 3028 811 3107 ζητεῖτε,
835 3027 856 3087 ἀ
879 3025 915 3088 δὲ
937 3026 1070 3106 βέλτιστ’

99 3129 118 3212 ἢ
141 3129 185 3212 μή
208 3129 303 3210 λέγει,
326 3130 416 3213 παρὰ
439 3139 498 3193 τοῦ
520 3131 706 3213 παριόντος.

196 3229 252 3295 Ἐν
274 3233 439 3316 κεφαλαίῳ
462 3233 490 3295 δ’
515 3235 536 3295 ἃ
558 3234 642 3315 λέγω
658 3234 787 3316 φράσας
801 3234 980 3315 καταβῆναι
995 3235 1070 3316 βού·
1082 3249 1113 3297 76

99 3338 201 3417 λομαι.
237 3332 369 3417 χρήματ’
387 3335 548 3420 εἰσφέρειν
571 3337 654 3419 φημὶ
677 3337 762 3400 δεῖν·
784 3334 845 3416 τήν
859 3335 1072 3420 ὑπάρχουσαν

98 3439 239 3521 δύναμιν
277 3439 437 3520 συνέχειν,
479 3438 747 3522 ἐπανορθοῦντας
778 3443 811 3502 εί
838 3462 870 3503 τι
901 3439 995 3503 δοκεῖ
1023 3440 1067 3522 μή

97 3544 200 3617 καλῶς
233 3541 329 3622 ἔχειν,
363 3541 406 3623 μή
438 3542 527 3617 ὅσοις
557 3545 598 3605 ἀν
625 3564 674 3617 τις
701 3542 885 3624 αἰτιάσηται
917 3542 954 3604 τὸ
990 3541 1066 3604 ὅλον
