2484 3992
180 244 220 308 12
465 245 491 311 Ι.
518 244 878 310 ΔΗΜΟΣὈΕΝΟῬΣ

132 451 166 500 σε
256 430 295 499 “A
317 435 378 518 μὲν
401 432 463 501 οὖν
484 435 637 520 χρήσεται
658 437 714 499 καί
735 437 813 500 πότε
834 444 874 519 τή
896 437 1048 518 δυνάμει,
1073 437 1177 520 παρὰ

179 537 238 602 τὸν
258 539 376 623 καιρὸν
391 539 410 603 ὁ
423 539 552 602 τούτων
573 540 687 621 κύριος
707 539 871 613 καταστὰς
893 538 950 622 ὑφ’
964 538 1065 620 ὑμῶν
1088 541 1173 621 βου·
1228 514 1232 649 J

179 645 343 708 λεύσεται·
376 642 451 706 ἅδ’
474 640 617 726 ύπάρξαι
639 643 693 706 θεῖ
712 646 787 725 παρ’
811 643 916 724 ὑμῶν,
946 642 1036 706 ταῦτ’
1064 643 1172 722 ἐστίν,
1230 668 1231 673 ’

179 744 248 828 ἁγὼ
273 745 433 830 γέγραφα.
478 745 521 808 ἂν
541 741 644 824 ταῦτ’,
672 741 840 827 ὦάνδρες
858 742 1040 828 Ἀθηναῖοι,
1070 747 1171 828 πορί-

178 865 263 931 σητε,
286 849 327 913 τὰ
341 848 491 932 χρήματα
505 857 637 931 πρῶτον
651 850 742 930 λέγω,
767 845 836 912 εἶτα
858 851 912 913 καλ
935 852 1036 914 τᾶλλα
1058 871 1172 933 παρα-

181 953 410 1030 σκευάσαντες,
423 951 502 1026 τοὺς
513 952 778 1032 στρατιώταςτάς
789 958 932 1035 τριήρεις
942 953 1020 1028 τοὺς
1032 951 1172 1032 ἱππέας,

179 1054 288 1136 ἐντελῆ
311 1062 422 1118 πᾶσαν
444 1053 504 1137 τήν
526 1055 670 1136 δύναμιν
691 1055 781 1141 νόμω
804 1055 1025 1135 κατακλείσητ’
1050 1055 1109 1120 ἐπὶ
1123 1065 1173 1141 τῷ

180 1160 309 1244 πολέμῳ
336 1158 461 1240 μένειν,
488 1166 554 1222 τῶν
580 1157 642 1239 μὲν
655 1159 830 1240 χρημάτων
853 1159 947 1221 αὐτοὶ
968 1161 1085 1241 ταμίαι
1111 1161 1173 1224 καὶ

180 1262 332 1344 πορισταὶ
346 1261 544 1342 γιγνόμενοι,
566 1268 633 1323 τῶν
647 1259 684 1323 δὲ
706 1258 856 1343 πράξεων
876 1261 966 1344 παρὰ
983 1264 1044 1325 τοῦ
1068 1279 1172 1344 στρα-

180 1369 282 1447 τηγοῦ
310 1365 369 1427 τὸν
396 1365 495 1445 λόγον
518 1365 703 1445 ζητοῦντες,
732 1366 894 1428 παύσεσθ’
918 1364 969 1428 ἀεὶ
996 1365 1072 1447 περὶ
1097 1374 1172 1429 τῶν

137 1467 292 1531 εεαότῶν
313 1467 547 1548 βουλευόμενοι
569 1467 625 1529 καὶ
646 1470 744 1530 πλέον
765 1467 864 1531 οὐδὲν
877 1471 1064 1541 ποιοῦντες·
1087 1472 1171 1531 κᾶτι

181 1569 262 1653 πρὸς
277 1572 382 1656 τούτῳ
403 1577 533 1652 πρῶτον
554 1573 625 1652 μίν,
650 1566 675 1633 ὠ
700 1572 816 1653 ἀνδρες
829 1566 1007 1652 Ἀθηναῖοι,
1031 1572 1091 1634 τὸν
1108 1573 1166 1654 μέ-

182 1689 295 1756 γιστον
308 1683 375 1737 τῶν
396 1672 525 1738 ἐκείνου
547 1675 661 1757 πόρων
678 1674 911 1758 ἀφαιρήσεσθε.
935 1674 1047 1740 ἔστιδ’
1065 1672 1169 1750 οὗτος

178 1780 246 1857 τίς,
269 1777 333 1841 ἀπὸ
355 1787 421 1841 τῶν
444 1778 610 1861 ύμετίρων
626 1778 706 1859 ύμῑν
726 1781 858 1860 πολεμεί
875 1779 1053 1860 συμμάχων
1070 1781 1167 1859 ἄγων

181 1881 237 1944 καί
260 1883 370 1962 φέρων
391 1882 470 1955 τοὺς
497 1881 655 1956 πλέοντας
682 1880 742 1959 τήν
769 1883 946 1944 θάλατταν.
992 1881 1103 1943 ἔπειτα
1133 1882 1169 1942 τί

181 1985 263 2069 πρὸς
278 1986 384 2070 τούτῳ
387 2007 401 2065 ,·
422 1994 482 2049 τοῦ
497 1987 634 2067 πάσχειν
650 1985 745 2047 αὐτοὶ
760 1994 868 2059 κακῶς
890 1984 950 2063 ἔξω
973 1984 1165 2066 γενήσεσθε,

183 2088 243 2170 οὐχ
266 2088 375 2170 ὥσπερ
405 2087 463 2152 τὸν
490 2088 698 2171 παρελθόντα
725 2090 845 2171 χρόνον
875 2090 920 2163 είς
942 2094 1079 2170 Λήμνου
1106 2089 1167 2150 καλ

177 2192 312 2273 Ἴμβρον
331 2190 481 2274 ἐμβαλὼν
499 2191 723 2273 αἰχμαλώτους
738 2194 871 2267 πολίτας
882 2190 1061 2273 ὑμετέρους
1072 2193 1164 2275 ᾤχετ’

184 2296 275 2379 ἔχων,
299 2296 381 2376 πρός
395 2304 439 2379 τῷ
453 2299 605 2381 Γεραστςό
627 2297 668 2359 τὰ
690 2299 788 2359 πλοῖα
813 2294 983 2377 συλλαβὼν
1006 2296 1166 2377 ἀμύθητα

183 2401 318 2483 χρήματ’
341 2397 468 2487 ἐξέλεξε,
490 2401 531 2465 τὰ
546 2401 702 2464 τελευταῖ’
719 2401 766 2477 είς
781 2400 967 2485 Μαραθῶν’
985 2400 1090 2481 ἀπέβη
1107 2401 1167 2463 καὶ

181 2504 242 2585 τήν
264 2503 357 2586 ἱερόν
379 2502 444 2566 ἀπὸ
467 2511 524 2585 τής
545 2507 652 2587 χώρας
668 2506 755 2588 ςόχετ)
772 2504 855 2585 ἔχων
869 2503 996 2585 τριήρη,
1020 2503 1115 2584 ὑμεῖς
1131 2503 1163 2564 θ’

184 2609 260 2671 ούτε
280 2611 385 2670 ταῦτα
408 2606 556 2670 δύνασθε
577 2608 717 2670 κωλύειν
745 2603 812 2669 οὔτ’
837 2607 883 2682 είς
908 2608 987 2680 τοὺς
1011 2608 1162 2688 χρόνους,

140 2727 173 2776 36
184 2713 243 2786 οὓς
266 2709 307 2772 ἀν
320 2713 502 2793 προθῆσθε,
525 2711 671 2791 βοηθεῖν.
695 2711 801 2774 καίτοι
815 2712 849 2773 τί
862 2711 986 2790 δήποτ’,
1002 2704 1028 2771 ὦ
1045 2709 1163 2790 ἀνδρες

182 2811 355 2895 Ἀθηναῖοι,
378 2812 522 2895 νομίζετε
544 2812 605 2894 τήν
626 2813 688 2895 μὲν
701 2822 768 2877 τῶν
781 2814 1030 2895 Παναθηναίων
1045 2812 1161 2894 ἑορτήν

183 2917 240 2980 καλ
261 2915 322 2997 τήν
349 2923 416 2979 τῶν
437 2918 629 2980 Διονυσίων
652 2916 703 2980 ἀεὶ
725 2925 785 2980 τοῦ
813 2915 1017 2997 καθήκοντος
1039 2916 1161 2997 χρόνον

184 3021 365 3101 γίγνεσθαι,
389 3021 432 3080 ἀν
445 3040 480 3082 τε
502 3019 606 3083 δεινοὶ
629 3021 772 3101 λάχωσιν
794 3024 835 3082 ἀν
849 3023 875 3081 τ’
892 3019 1021 3081 ἰδιῶται
1035 3020 1162 3081 τούτων

178 3122 341 3204 ἑκατέρων
373 3119 636 3203 ἐπιμελούμενοι,
671 3122 716 3197 είς
738 3124 759 3185 ἂ
793 3119 921 3185 τοσαῦτ’
954 3120 1161 3184 ἀναλίσκεται

186 3225 344 3308 χρήματα,
368 3225 416 3288 ὅσ
439 3225 511 3289 οὐδ’
528 3226 573 3300 είς
594 3224 654 3289 ἕνα
676 3234 743 3289 τῶν
758 3226 956 3307 ἀποστόλων,
978 3224 1034 3287 καλ
1048 3233 1159 3287 τοσοῦ·

184 3351 243 3393 τον
265 3331 362 3412 όχλον
383 3329 440 3392 καλ
460 3329 675 3412 παρασκευήν
704 3330 786 3411 ὅσην
815 3331 876 3393 οὐκ
905 3325 966 3392 οἶδ’
990 3330 1023 3391 εί
1040 3350 1072 3390 τι
1094 3336 1158 3391 τῶν

184 3431 340 3495 ἁπάντων
355 3432 429 3515 ἔχει,
452 3434 529 3509 τοὺς
551 3433 581 3495 θ’
604 3432 807 3507 ἀποστόλους
828 3435 954 3507 πάντας
976 3432 1056 3513 ὑμῖν
1071 3429 1157 3493 ύστε·

185 3537 285 3618 ρίζειυ
306 3544 373 3599 τῶν
394 3545 528 3618 καιρῶν,
551 3536 609 3600 τόν
631 3538 677 3612 είς
700 3540 876 3617 Μεθώνην,
899 3536 957 3599 τόν
979 3535 1025 3609 είς
1050 3539 1155 3617 Παγα-
