<?xml version="1.0" encoding="UTF-8"?>
<!DOCTYPE html PUBLIC "-//W3C//DTD XHTML 1.0 Transitional//EN"
    "http://www.w3.org/TR/xhtml1/DTD/xhtml1-transitional.dtd">
<html xmlns="http://www.w3.org/1999/xhtml" xml:lang="en" lang="en">
 <head>
  <title>
</title>
<meta http-equiv="Content-Type" content="text/html;charset=utf-8" />
  <meta name='ocr-system' content='tesseract 3.04.00' />
  <meta name='ocr-capabilities' content='ocr_page ocr_carea ocr_par ocr_line ocrx_word'/>
</head>
<body>
  <div class='ocr_page' id='page_1' title='image "./orationesselect00demogoog_0136.png"; bbox 0 0 2484 3992; ppageno 0'>
   <div class='ocr_carea' id='block_1_1' title="bbox 144 273 761 341">
    <p class='ocr_par' dir='ltr' id='par_1_1' title="bbox 144 273 761 341">
     <span class='ocr_line' id='line_1_1' title="bbox 144 273 761 341; baseline -0.002 -1"><span class='ocrx_word' id='word_1_1' title='bbox 144 277 205 341; x_wconf 78' lang='lat'><strong><em>112</em></strong></span> <span class='ocrx_word' id='word_1_2' title='bbox 516 273 761 340; x_wconf 80' lang='lat' dir='ltr'><strong>APPENDIX.</strong></span> 
     </span>
    </p>
   </div>
   <div class='ocr_carea' id='block_1_2' title="bbox 106 463 1150 3658">
    <p class='ocr_par' dir='ltr' id='par_1_2' title="bbox 106 463 1150 3658">
     <span class='ocr_line' id='line_1_2' title="bbox 140 463 1127 550; baseline -0.006 -19"><span class='ocrx_word' id='word_1_3' title='bbox 140 468 296 531; x_wconf 79' lang='grc' dir='ltr'><strong><em>ἁπάντων</em></strong></span> <span class='ocrx_word' id='word_1_4' title='bbox 318 467 387 549; x_wconf 77' lang='grc' dir='ltr'><strong><em>(καί</em></strong></span> <span class='ocrx_word' id='word_1_5' title='bbox 409 464 491 550; x_wconf 83' lang='grc' dir='ltr'><strong><em>πρός</em></strong></span> <span class='ocrx_word' id='word_1_6' title='bbox 513 464 596 541; x_wconf 85' lang='grc' dir='ltr'><strong><em>Διὸς</em></strong></span> <span class='ocrx_word' id='word_1_7' title='bbox 618 464 674 527; x_wconf 80' lang='grc' dir='ltr'><strong><em>καὶ</em></strong></span> <span class='ocrx_word' id='word_1_8' title='bbox 695 468 787 528; x_wconf 80' lang='grc' dir='ltr'><strong><em>θεῶν</em></strong></span> <span class='ocrx_word' id='word_1_9' title='bbox 808 467 968 546; x_wconf 80' lang='grc' dir='ltr'><strong><em>πειρᾶσθε</em></strong></span> <span class='ocrx_word' id='word_1_10' title='bbox 992 463 1127 526; x_wconf 88' lang='grc' dir='ltr'><strong><em>σννδια·</em></strong></span> 
     </span>
     <span class='ocr_line' id='line_1_3' title="bbox 140 565 1126 655; baseline -0.005 -20"><span class='ocrx_word' id='word_1_11' title='bbox 140 571 359 655; x_wconf 73' lang='grc' dir='ltr'><strong><em>μνημονεύειν</em></strong></span> <span class='ocrx_word' id='word_1_12' title='bbox 374 570 416 633; x_wconf 78' lang='grc' dir='ltr'><strong><em>δν</em></strong></span> <span class='ocrx_word' id='word_1_13' title='bbox 432 569 538 652; x_wconf 81' lang='grc' dir='ltr'><strong><em>άληθή</em></strong></span> <span class='ocrx_word' id='word_1_14' title='bbox 554 569 653 651; x_wconf 64' lang='grc' dir='ltr'><strong><em>λέγω*</em></strong></span> <span class='ocrx_word' id='word_1_15' title='bbox 675 567 717 630; x_wconf 81' lang='grc' dir='ltr'><strong><em>τά</em></strong></span> <span class='ocrx_word' id='word_1_16' title='bbox 738 568 804 651; x_wconf 80' lang='grc' dir='ltr'><strong><em>γάρ</em></strong></span> <span class='ocrx_word' id='word_1_17' title='bbox 826 568 935 629; x_wconf 87' lang='grc' dir='ltr'><strong><em>πάντα</em></strong></span> <span class='ocrx_word' id='word_1_18' title='bbox 957 565 999 628; x_wconf 86' lang='grc' dir='ltr'><strong><em>τδι</em></strong></span> <span class='ocrx_word' id='word_1_19' title='bbox 1021 569 1126 650; x_wconf 84' lang='grc' dir='ltr'><strong><em>πράγ-</em></strong></span> 
     </span>
     <span class='ocr_line' id='line_1_4' title="bbox 139 667 1123 758; baseline -0.004 -19"><span class='ocrx_word' id='word_1_20' title='bbox 139 698 226 758; x_wconf 93' lang='grc' dir='ltr'><strong><em>ματα</em></strong></span> <span class='ocrx_word' id='word_1_21' title='bbox 248 675 447 757; x_wconf 76' lang='grc' dir='ltr'><strong><em>λυμηνάμεν’</em></strong></span> <span class='ocrx_word' id='word_1_22' title='bbox 470 673 565 755; x_wconf 76' lang='grc' dir='ltr'><strong><em>ὑμῶν</em></strong></span> <span class='ocrx_word' id='word_1_23' title='bbox 585 672 642 734; x_wconf 80' lang='grc' dir='ltr'><strong><em>καὶ</em></strong></span> <span class='ocrx_word' id='word_1_24' title='bbox 671 672 905 754; x_wconf 75' lang='grc' dir='ltr'><strong><em>διαφθείρανθ’</em></strong></span> <span class='ocrx_word' id='word_1_25' title='bbox 928 669 1011 746; x_wconf 83' lang='grc' dir='ltr'><strong><em>ὅλως</em></strong></span> <span class='ocrx_word' id='word_1_26' title='bbox 1030 667 1123 735; x_wconf 83' lang='grc' dir='ltr'><strong><em>ταῦτ’</em></strong></span> 
     </span>
     <span class='ocr_line' id='line_1_5' title="bbox 140 775 1122 860; baseline -0.006 -17"><span class='ocrx_word' id='word_1_27' title='bbox 140 778 328 860; x_wconf 82' lang='grc' dir='ltr'><strong><em>έστίνήδη)</em></strong></span> <span class='ocrx_word' id='word_1_28' title='bbox 351 776 495 859; x_wconf 78' lang='grc' dir='ltr'><strong><em>τοῦμὲν</em></strong></span> <span class='ocrx_word' id='word_1_29' title='bbox 525 775 738 858; x_wconf 75' lang='grc' dir='ltr'><strong><em>ἀπαγγέλλειν</em></strong></span> <span class='ocrx_word' id='word_1_30' title='bbox 762 797 794 837; x_wconf 91' lang='grc' dir='ltr'><strong><em>τι</em></strong></span> <span class='ocrx_word' id='word_1_31' title='bbox 827 783 894 837; x_wconf 80' lang='grc' dir='ltr'><strong><em>τῶν</em></strong></span> <span class='ocrx_word' id='word_1_32' title='bbox 919 776 1122 858; x_wconf 88' lang='grc' dir='ltr'><strong><em>πεπρεσβευ-</em></strong></span> 
     </span>
     <span class='ocr_line' id='line_1_6' title="bbox 140 877 1124 965; baseline -0.007 -18"><span class='ocrx_word' id='word_1_33' title='bbox 140 884 249 965; x_wconf 81' lang='grc' dir='ltr'><strong><em>μένων</em></strong></span> <span class='ocrx_word' id='word_1_34' title='bbox 270 881 290 963; x_wconf 82' lang='grc' dir='ltr'><strong><em>ή</em></strong></span> <span class='ocrx_word' id='word_1_35' title='bbox 313 880 476 965; x_wconf 78' lang='grc' dir='ltr'><strong><em>περὶτῶν</em></strong></span> <span class='ocrx_word' id='word_1_36' title='bbox 498 878 595 963; x_wconf 78' lang='grc' dir='ltr'><strong><em>έντῇ</em></strong></span> <span class='ocrx_word' id='word_1_37' title='bbox 617 880 720 963; x_wconf 82' lang='grc' dir='ltr'><strong><em>βουλή</em></strong></span> <span class='ocrx_word' id='word_1_38' title='bbox 743 877 922 961; x_wconf 76' lang='grc' dir='ltr'><strong><em>ῥηθέντων,</em></strong></span> <span class='ocrx_word' id='word_1_39' title='bbox 945 877 974 940; x_wconf 88' lang='grc' dir='ltr'><strong><em>εί</em></strong></span> <span class='ocrx_word' id='word_1_40' title='bbox 997 880 1051 962; x_wconf 80' lang='grc' dir='ltr'><strong><em>ἄρ’</em></strong></span> <span class='ocrx_word' id='word_1_41' title='bbox 1064 877 1124 960; x_wconf 87' lang='grc' dir='ltr'><strong><em>ήμ-</em></strong></span> 
     </span>
     <span class='ocr_line' id='line_1_7' title="bbox 139 981 1123 1069; baseline -0.004 -20"><span class='ocrx_word' id='word_1_42' title='bbox 139 986 286 1069; x_wconf 81' lang='grc' dir='ltr'><strong><em>φισβήτει</em></strong></span> <span class='ocrx_word' id='word_1_43' title='bbox 299 983 342 1066; x_wconf 80' lang='grc' dir='ltr'><strong><em>μή</em></strong></span> <span class='ocrx_word' id='word_1_44' title='bbox 358 983 484 1065; x_wconf 82' lang='grc' dir='ltr'><strong><em>τάληθή</em></strong></span> <span class='ocrx_word' id='word_1_45' title='bbox 499 982 606 1064; x_wconf 88' lang='grc' dir='ltr'><strong><em>λέγειν</em></strong></span> <span class='ocrx_word' id='word_1_46' title='bbox 621 981 688 1065; x_wconf 77' lang='grc' dir='ltr'><strong><em>ἐμέ,</em></strong></span> <span class='ocrx_word' id='word_1_47' title='bbox 710 986 910 1063; x_wconf 77' lang='grc' dir='ltr'><strong><em>μνησθῆναι,</em></strong></span> <span class='ocrx_word' id='word_1_48' title='bbox 925 981 1123 1063; x_wconf 84' lang='grc' dir='ltr'><strong><em>πάμπληθες</em></strong></span> 
     </span>
     <span class='ocr_line' id='line_1_8' title="bbox 140 1084 1125 1171; baseline -0.005 -18"><span class='ocrx_word' id='word_1_49' title='bbox 140 1089 291 1171; x_wconf 80' lang='grc' dir='ltr'><strong><em>ἀπέσχεν,</em></strong></span> <span class='ocrx_word' id='word_1_50' title='bbox 314 1084 385 1152; x_wconf 79' lang='grc' dir='ltr'><strong><em>εἷπε</em></strong></span> <span class='ocrx_word' id='word_1_51' title='bbox 406 1086 443 1151; x_wconf 79' lang='grc' dir='ltr'><strong><em>δὲ</em></strong></span> <span class='ocrx_word' id='word_1_52' title='bbox 465 1087 638 1161; x_wconf 73' lang='grc' dir='ltr'><strong><em>τοιούτους</em></strong></span> <span class='ocrx_word' id='word_1_53' title='bbox 652 1087 772 1167; x_wconf 89' lang='grc' dir='ltr'><strong><em>λόγους</em></strong></span> <span class='ocrx_word' id='word_1_54' title='bbox 794 1085 849 1147; x_wconf 79' lang='grc' dir='ltr'><strong><em>καί</em></strong></span> <span class='ocrx_word' id='word_1_55' title='bbox 870 1087 1049 1166; x_wconf 79' lang='grc' dir='ltr'><strong><em>τηλικαῦτα</em></strong></span> <span class='ocrx_word' id='word_1_56' title='bbox 1065 1087 1125 1148; x_wconf 84' lang='grc' dir='ltr'><strong><em>καλ</em></strong></span> 
     </span>
     <span class='ocr_line' id='line_1_9' title="bbox 138 1187 1123 1274; baseline -0.005 -18"><span class='ocrx_word' id='word_1_57' title='bbox 138 1194 269 1256; x_wconf 82' lang='grc' dir='ltr'><strong><em>τοσαῦτ’</em></strong></span> <span class='ocrx_word' id='word_1_58' title='bbox 293 1189 424 1274; x_wconf 83' lang='grc' dir='ltr'><strong><em>ἔχοντας</em></strong></span> <span class='ocrx_word' id='word_1_59' title='bbox 453 1189 593 1271; x_wconf 78' lang='grc' dir='ltr'><strong><em>τάγαθά,</em></strong></span> <span class='ocrx_word' id='word_1_60' title='bbox 624 1189 707 1252; x_wconf 83' lang='grc' dir='ltr'><strong><em>ὥσθ’</em></strong></span> <span class='ocrx_word' id='word_1_61' title='bbox 736 1188 883 1262; x_wconf 75' lang='grc' dir='ltr'><strong><em>ἅπαντας</em></strong></span> <span class='ocrx_word' id='word_1_62' title='bbox 904 1187 989 1270; x_wconf 71' lang='grc' dir='ltr'><strong><em>ὑμᾶς</em></strong></span> <span class='ocrx_word' id='word_1_63' title='bbox 1011 1188 1123 1270; x_wconf 84' lang='grc' dir='ltr'><strong><em>λαβὼν</em></strong></span> 
     </span>
     <span class='ocr_line' id='line_1_10' title="bbox 108 1291 1123 1383; baseline -0.009 -20"><span class='ocrx_word' id='word_1_64' title='bbox 108 1302 247 1383; x_wconf 71' lang='grc' dir='ltr'><strong><em>ιβχετο.</em></strong></span> <span class='ocrx_word' id='word_1_65' title='bbox 279 1296 339 1380; x_wconf 84' lang='grc' dir='ltr'><strong><em>ἔφη</em></strong></span> <span class='ocrx_word' id='word_1_66' title='bbox 363 1295 426 1378; x_wconf 80' lang='grc' dir='ltr'><strong><em>γὰρ</em></strong></span> <span class='ocrx_word' id='word_1_67' title='bbox 448 1293 540 1376; x_wconf 85' lang='grc' dir='ltr'><strong><em>ήκειν</em></strong></span> <span class='ocrx_word' id='word_1_68' title='bbox 561 1292 721 1368; x_wconf 75' lang='grc' dir='ltr'><strong><em>πεπεικὼς</em></strong></span> <span class='ocrx_word' id='word_1_69' title='bbox 738 1294 903 1357; x_wconf 86' lang='grc' dir='ltr'><strong><em>Φίλιππον</em></strong></span> <span class='ocrx_word' id='word_1_70' title='bbox 918 1291 1038 1356; x_wconf 78' lang='grc' dir='ltr'><strong><em>ἅπανθ’</em></strong></span> <span class='ocrx_word' id='word_1_71' title='bbox 1056 1292 1123 1355; x_wconf 83' lang='grc' dir='ltr'><strong><em>ὅσα</em></strong></span> 
     </span>
     <span class='ocr_line' id='line_1_11' title="bbox 140 1393 1124 1483; baseline -0.006 -19"><span class='ocrx_word' id='word_1_72' title='bbox 140 1401 299 1483; x_wconf 77' lang='grc' dir='ltr'><strong><em>συμφέρει</em></strong></span> <span class='ocrx_word' id='word_1_73' title='bbox 321 1407 360 1482; x_wconf 82' lang='grc' dir='ltr'><strong><em>τή</em></strong></span> <span class='ocrx_word' id='word_1_74' title='bbox 382 1400 484 1478; x_wconf 91' lang='grc' dir='ltr'><strong><em>πόλει,</em></strong></span> <span class='ocrx_word' id='word_1_75' title='bbox 497 1399 561 1461; x_wconf 64' lang='grc' dir='ltr'><strong><em>»καί</em></strong></span> <span class='ocrx_word' id='word_1_76' title='bbox 583 1398 658 1481; x_wconf 79' lang='grc' dir='ltr'><strong><em>περὶ</em></strong></span> <span class='ocrx_word' id='word_1_77' title='bbox 680 1406 746 1461; x_wconf 83' lang='grc' dir='ltr'><strong><em>τῶν</em></strong></span> <span class='ocrx_word' id='word_1_78' title='bbox 768 1397 804 1462; x_wconf 85' lang='grc' dir='ltr'><strong><em>έν</em></strong></span> <span class='ocrx_word' id='word_1_79' title='bbox 816 1393 1050 1479; x_wconf 85' lang='grc' dir='ltr'><strong><em>Ἀμφικτύοσιν</em></strong></span> <span class='ocrx_word' id='word_1_80' title='bbox 1064 1397 1124 1459; x_wconf 81' lang='grc' dir='ltr'><strong><em>καὶ</em></strong></span> 
     </span>
     <span class='ocr_line' id='line_1_12' title="bbox 138 1498 1123 1585; baseline -0.003 -20"><span class='ocrx_word' id='word_1_81' title='bbox 138 1503 213 1585; x_wconf 78' lang='grc' dir='ltr'><strong><em>περὶ</em></strong></span> <span class='ocrx_word' id='word_1_82' title='bbox 234 1510 300 1564; x_wconf 81' lang='grc' dir='ltr'><strong><em>τῶν</em></strong></span> <span class='ocrx_word' id='word_1_83' title='bbox 323 1503 430 1564; x_wconf 85' lang='grc' dir='ltr'><strong><em>ἄλλων</em></strong></span> <span class='ocrx_word' id='word_1_84' title='bbox 452 1500 618 1580; x_wconf 80' lang='grc' dir='ltr'><strong><em>ἁπάντων,</em></strong></span> <span class='ocrx_word' id='word_1_85' title='bbox 642 1500 698 1563; x_wconf 83' lang='grc' dir='ltr'><strong><em>καί</em></strong></span> <span class='ocrx_word' id='word_1_86' title='bbox 713 1498 863 1582; x_wconf 70' lang='grc' dir='ltr'><strong><em>διεξῆλθε</em></strong></span> <span class='ocrx_word' id='word_1_87' title='bbox 877 1501 978 1583; x_wconf 87' lang='grc' dir='ltr'><strong><em>λόγον</em></strong></span> <span class='ocrx_word' id='word_1_88' title='bbox 991 1501 1123 1583; x_wconf 82' lang='grc' dir='ltr'><strong><em>μακρόν</em></strong></span> 
     </span>
     <span class='ocr_line' id='line_1_13' title="bbox 141 1603 1123 1689; baseline -0.002 -21"><span class='ocrx_word' id='word_1_89' title='bbox 141 1605 228 1687; x_wconf 79' lang='grc' dir='ltr'><strong><em>ὑμῖν,</em></strong></span> <span class='ocrx_word' id='word_1_90' title='bbox 252 1603 291 1668; x_wconf 89' lang='grc' dir='ltr'><strong><em>ὃν</em></strong></span> <span class='ocrx_word' id='word_1_91' title='bbox 305 1604 388 1666; x_wconf 84' lang='grc' dir='ltr'><strong><em>κατὰ</em></strong></span> <span class='ocrx_word' id='word_1_92' title='bbox 403 1604 557 1687; x_wconf 82' lang='grc' dir='ltr'><strong><em>Θηβαίων</em></strong></span> <span class='ocrx_word' id='word_1_93' title='bbox 572 1605 675 1668; x_wconf 81' lang='grc' dir='ltr'><strong><em>εἰπεῖν</em></strong></span> <span class='ocrx_word' id='word_1_94' title='bbox 689 1604 770 1689; x_wconf 88' lang='grc' dir='ltr'><strong><em>πρός</em></strong></span> <span class='ocrx_word' id='word_1_95' title='bbox 786 1605 951 1668; x_wconf 89' lang='grc' dir='ltr'><strong><em>Φίλιππον</em></strong></span> <span class='ocrx_word' id='word_1_96' title='bbox 966 1603 1040 1688; x_wconf 85' lang='grc' dir='ltr'><strong><em>ἔφη,</em></strong></span> <span class='ocrx_word' id='word_1_97' title='bbox 1064 1605 1123 1667; x_wconf 86' lang='grc' dir='ltr'><strong><em>καλ</em></strong></span> 
     </span>
     <span class='ocr_line' id='line_1_14' title="bbox 141 1704 1123 1791; baseline -0.001 -19"><span class='ocrx_word' id='word_1_98' title='bbox 141 1709 181 1772; x_wconf 82' lang='grc' dir='ltr'><strong><em>τὰ</em></strong></span> <span class='ocrx_word' id='word_1_99' title='bbox 203 1709 353 1789; x_wconf 85' lang='grc' dir='ltr'><strong><em>κεφάλαι’</em></strong></span> <span class='ocrx_word' id='word_1_100' title='bbox 377 1704 555 1790; x_wconf 88' lang='grc' dir='ltr'><strong><em>άπήγγελλε</em></strong></span> <span class='ocrx_word' id='word_1_101' title='bbox 577 1708 659 1791; x_wconf 90' lang='grc' dir='ltr'><strong><em>πρὸς</em></strong></span> <span class='ocrx_word' id='word_1_102' title='bbox 673 1708 768 1790; x_wconf 78' lang='grc' dir='ltr'><strong><em>ὑμᾶς,</em></strong></span> <span class='ocrx_word' id='word_1_103' title='bbox 790 1709 847 1770; x_wconf 81' lang='grc' dir='ltr'><strong><em>καί</em></strong></span> <span class='ocrx_word' id='word_1_104' title='bbox 869 1708 1062 1791; x_wconf 82' lang='grc' dir='ltr'><strong><em>ἀπελογίζετ’</em></strong></span> <span class='ocrx_word' id='word_1_105' title='bbox 1084 1707 1123 1771; x_wconf 78' lang='grc' dir='ltr'><strong><em>ἐκ</em></strong></span> 
     </span>
     <span class='ocr_line' id='line_1_15' title="bbox 140 1810 1121 1897; baseline -0.001 -21"><span class='ocrx_word' id='word_1_106' title='bbox 140 1821 207 1876; x_wconf 78' lang='grc' dir='ltr'><strong><em>τῶν</em></strong></span> <span class='ocrx_word' id='word_1_107' title='bbox 219 1810 307 1897; x_wconf 79' lang='grc' dir='ltr'><strong><em>αὑτῷ</em></strong></span> <span class='ocrx_word' id='word_1_108' title='bbox 316 1811 608 1895; x_wconf 80' lang='grc' dir='ltr'><strong><em>πεπρεσβευμένων</em></strong></span> <span class='ocrx_word' id='word_1_109' title='bbox 623 1811 721 1875; x_wconf 77' lang='grc' dir='ltr'><strong><em>δυοῖν</em></strong></span> <span class='ocrx_word' id='word_1_110' title='bbox 732 1810 752 1892; x_wconf 82' lang='grc' dir='ltr'><strong><em>ή</em></strong></span> <span class='ocrx_word' id='word_1_111' title='bbox 765 1821 866 1895; x_wconf 83' lang='grc' dir='ltr'><strong><em>τριῶν</em></strong></span> <span class='ocrx_word' id='word_1_112' title='bbox 880 1811 1012 1894; x_wconf 82' lang='grc' dir='ltr'><strong><em>ήμερῶυ</em></strong></span> <span class='ocrx_word' id='word_1_113' title='bbox 1023 1810 1121 1894; x_wconf 82' lang='grc' dir='ltr'><strong><em>ὑμᾶς,</em></strong></span> 
     </span>
     <span class='ocr_line' id='line_1_16' title="bbox 139 1913 1121 1999; baseline 0 -20"><span class='ocrx_word' id='word_1_114' title='bbox 139 1917 298 1998; x_wconf 82' lang='grc' dir='ltr'><strong><em>μένοντας</em></strong></span> <span class='ocrx_word' id='word_1_115' title='bbox 320 1918 405 1978; x_wconf 87' lang='grc' dir='ltr'><strong><em>οἴκοι</em></strong></span> <span class='ocrx_word' id='word_1_116' title='bbox 433 1914 489 1977; x_wconf 81' lang='grc' dir='ltr'><strong><em>καὶ</em></strong></span> <span class='ocrx_word' id='word_1_117' title='bbox 511 1913 552 1977; x_wconf 84' lang='grc' dir='ltr'><strong><em>οὐ</em></strong></span> <span class='ocrx_word' id='word_1_118' title='bbox 573 1915 850 1999; x_wconf 85' lang='grc' dir='ltr'><strong><em>στρατευομένους</em></strong></span> <span class='ocrx_word' id='word_1_119' title='bbox 872 1915 944 1977; x_wconf 87' lang='grc' dir='ltr'><strong><em>οὐδ’</em></strong></span> <span class='ocrx_word' id='word_1_120' title='bbox 969 1913 1121 1999; x_wconf 76' lang='grc' dir='ltr'><strong><em>ἐνοχλου-</em></strong></span> 
     </span>
     <span class='ocr_line' id='line_1_17' title="bbox 136 2013 1135 2102; baseline 0 -20"><span class='ocrx_word' id='word_1_121' title='bbox 136 2019 267 2102; x_wconf 86' lang='grc' dir='ltr'><strong><em>μένους,</em></strong></span> <span class='ocrx_word' id='word_1_122' title='bbox 291 2018 402 2100; x_wconf 84' lang='grc' dir='ltr'><strong><em>Θήβας</em></strong></span> <span class='ocrx_word' id='word_1_123' title='bbox 424 2017 484 2100; x_wconf 80' lang='grc' dir='ltr'><strong><em>μὲν</em></strong></span> <span class='ocrx_word' id='word_1_124' title='bbox 505 2019 785 2102; x_wconf 84' lang='grc' dir='ltr'><strong><em>πολιορκουμένας</em></strong></span> <span class='ocrx_word' id='word_1_125' title='bbox 809 2019 910 2093; x_wconf 85' lang='grc' dir='ltr'><strong><em>αὐτὰς</em></strong></span> <span class='ocrx_word' id='word_1_126' title='bbox 924 2021 999 2082; x_wconf 91' lang='grc' dir='ltr'><strong><em>καθ’</em></strong></span> <span class='ocrx_word' id='word_1_127' title='bbox 1018 2013 1135 2095; x_wconf 76' lang='grc' dir='ltr'><strong><em>αὑτάς</em></strong></span> 
     </span>
     <span class='ocr_line' id='line_1_18' title="bbox 106 2107 1150 2207; baseline -0.004 -19"><span class='ocrx_word' id='word_1_128' title='bbox 106 2142 122 2188; x_wconf 76' lang='grc' dir='ltr'><strong><em>ό</em></strong></span> <span class='ocrx_word' id='word_1_129' title='bbox 135 2122 234 2207; x_wconf 87' lang='grc' dir='ltr'><strong><em>χωρίς</em></strong></span> <span class='ocrx_word' id='word_1_130' title='bbox 254 2128 312 2204; x_wconf 86' lang='grc' dir='ltr'><strong><em>τής</em></strong></span> <span class='ocrx_word' id='word_1_131' title='bbox 327 2124 425 2203; x_wconf 81' lang='grc' dir='ltr'><strong><em>ἄλλης</em></strong></span> <span class='ocrx_word' id='word_1_132' title='bbox 440 2122 600 2198; x_wconf 83' lang='grc' dir='ltr'><strong><em>Βοιωτίας</em></strong></span> <span class='ocrx_word' id='word_1_133' title='bbox 616 2122 829 2202; x_wconf 81' lang='grc' dir='ltr'><strong><em>ἀκούσεσθαι,</em></strong></span> <span class='ocrx_word' id='word_1_134' title='bbox 855 2122 996 2197; x_wconf 75' lang='grc' dir='ltr'><strong><em>Θεσπιάς</em></strong></span> <span class='ocrx_word' id='word_1_135' title='bbox 1012 2107 1150 2185; x_wconf 60' lang='grc' dir='ltr'><strong><em>δὲκαθ’</em></strong></span> 
     </span>
     <span class='ocr_line' id='line_1_19' title="bbox 136 2225 1120 2310; baseline 0 -21"><span class='ocrx_word' id='word_1_136' title='bbox 136 2227 305 2301; x_wconf 86' lang='grc' dir='ltr'><strong><em>Πλαταιὰς</em></strong></span> <span class='ocrx_word' id='word_1_137' title='bbox 328 2226 541 2309; x_wconf 81' lang='grc' dir='ltr'><strong><em>οἰκιζομένας,</em></strong></span> <span class='ocrx_word' id='word_1_138' title='bbox 563 2235 608 2310; x_wconf 77' lang='grc' dir='ltr'><strong><em>τῷ</em></strong></span> <span class='ocrx_word' id='word_1_139' title='bbox 623 2232 693 2305; x_wconf 79' lang='grc' dir='ltr'><strong><em>θεῷ</em></strong></span> <span class='ocrx_word' id='word_1_140' title='bbox 709 2227 745 2290; x_wconf 82' lang='grc' dir='ltr'><strong><em>δὲ</em></strong></span> <span class='ocrx_word' id='word_1_141' title='bbox 760 2226 801 2290; x_wconf 84' lang='grc' dir='ltr'><strong><em>τὰ</em></strong></span> <span class='ocrx_word' id='word_1_142' title='bbox 815 2226 950 2310; x_wconf 80' lang='grc' dir='ltr'><strong><em>χρήματ’</em></strong></span> <span class='ocrx_word' id='word_1_143' title='bbox 967 2225 1120 2309; x_wconf 80' lang='grc' dir='ltr'><strong><em>εἰσπρατ-</em></strong></span> 
     </span>
     <span class='ocr_line' id='line_1_20' title="bbox 139 2329 1121 2415; baseline -0.001 -23"><span class='ocrx_word' id='word_1_144' title='bbox 139 2330 246 2412; x_wconf 86' lang='grc' dir='ltr'><strong><em>τόμεν’</em></strong></span> <span class='ocrx_word' id='word_1_145' title='bbox 276 2329 316 2394; x_wconf 84' lang='grc' dir='ltr'><strong><em>οὐ</em></strong></span> <span class='ocrx_word' id='word_1_146' title='bbox 342 2330 432 2415; x_wconf 78' lang='grc' dir='ltr'><strong><em>παρὰ</em></strong></span> <span class='ocrx_word' id='word_1_147' title='bbox 457 2331 616 2412; x_wconf 88' lang='grc' dir='ltr'><strong><em>Φωκέων,</em></strong></span> <span class='ocrx_word' id='word_1_148' title='bbox 647 2330 727 2393; x_wconf 84' lang='grc' dir='ltr'><strong><em>ἀλλά</em></strong></span> <span class='ocrx_word' id='word_1_149' title='bbox 754 2331 844 2414; x_wconf 84' lang='grc' dir='ltr'><strong><em>παρὰ</em></strong></span> <span class='ocrx_word' id='word_1_150' title='bbox 870 2331 1025 2412; x_wconf 85' lang='grc' dir='ltr'><strong><em>Θηβαίων</em></strong></span> <span class='ocrx_word' id='word_1_151' title='bbox 1052 2331 1121 2413; x_wconf 72' lang='grc' dir='ltr'><strong><em>τῶν</em></strong></span> 
     </span>
     <span class='ocr_line' id='line_1_21' title="bbox 136 2429 1119 2518; baseline -0.001 -22"><span class='ocrx_word' id='word_1_152' title='bbox 136 2435 390 2516; x_wconf 80' lang='grc' dir='ltr'><strong><em>βουλευσάντων</em></strong></span> <span class='ocrx_word' id='word_1_153' title='bbox 404 2433 464 2515; x_wconf 83' lang='grc' dir='ltr'><strong><em>τήν</em></strong></span> <span class='ocrx_word' id='word_1_154' title='bbox 476 2429 660 2516; x_wconf 85' lang='grc' dir='ltr'><strong><em>κατάληψιν</em></strong></span> <span class='ocrx_word' id='word_1_155' title='bbox 671 2438 731 2498; x_wconf 85' lang='grc' dir='ltr'><strong><em>τοῦ</em></strong></span> <span class='ocrx_word' id='word_1_156' title='bbox 744 2434 852 2518; x_wconf 81' lang='grc' dir='ltr'><strong><em>ἱεροῦ·</em></strong></span> <span class='ocrx_word' id='word_1_157' title='bbox 868 2432 1040 2496; x_wconf 76' lang='grc' dir='ltr'><strong><em>διδάσκειν</em></strong></span> <span class='ocrx_word' id='word_1_158' title='bbox 1053 2433 1119 2516; x_wconf 78' lang='grc' dir='ltr'><strong><em>γάρ</em></strong></span> 
     </span>
     <span class='ocr_line' id='line_1_22' title="bbox 139 2534 1121 2622; baseline -0.002 -20"><span class='ocrx_word' id='word_1_159' title='bbox 139 2537 238 2613; x_wconf 85' lang='grc' dir='ltr'><strong><em>αὐτὸς</em></strong></span> <span class='ocrx_word' id='word_1_160' title='bbox 254 2538 315 2622; x_wconf 83' lang='grc' dir='ltr'><strong><em>ἔφη</em></strong></span> <span class='ocrx_word' id='word_1_161' title='bbox 331 2538 390 2602; x_wconf 84' lang='grc' dir='ltr'><strong><em>τὸν</em></strong></span> <span class='ocrx_word' id='word_1_162' title='bbox 407 2538 580 2618; x_wconf 88' lang='grc' dir='ltr'><strong><em>Φίλιππον,</em></strong></span> <span class='ocrx_word' id='word_1_163' title='bbox 604 2539 654 2601; x_wconf 79' lang='grc' dir='ltr'><strong><em>ὅτι</em></strong></span> <span class='ocrx_word' id='word_1_164' title='bbox 678 2537 778 2602; x_wconf 82' lang='grc' dir='ltr'><strong><em>οὐδὲν</em></strong></span> <span class='ocrx_word' id='word_1_165' title='bbox 799 2534 897 2619; x_wconf 87' lang='grc' dir='ltr'><strong><em>ήττου</em></strong></span> <span class='ocrx_word' id='word_1_166' title='bbox 918 2535 1121 2619; x_wconf 81' lang='grc' dir='ltr'><strong><em>ἠσεβήκασιν</em></strong></span> 
     </span>
     <span class='ocr_line' id='line_1_23' title="bbox 137 2639 1120 2725; baseline 0 -22"><span class='ocrx_word' id='word_1_167' title='bbox 137 2640 169 2703; x_wconf 84' lang='grc' dir='ltr'><strong><em>οἱ</em></strong></span> <span class='ocrx_word' id='word_1_168' title='bbox 183 2641 435 2724; x_wconf 87' lang='grc' dir='ltr'><strong><em>βεβουλευκότες</em></strong></span> <span class='ocrx_word' id='word_1_169' title='bbox 456 2650 523 2704; x_wconf 85' lang='grc' dir='ltr'><strong><em>τῶν</em></strong></span> <span class='ocrx_word' id='word_1_170' title='bbox 544 2652 616 2716; x_wconf 83' lang='grc' dir='ltr'><strong><em>ταῖς</em></strong></span> <span class='ocrx_word' id='word_1_171' title='bbox 643 2642 733 2725; x_wconf 81' lang='grc' dir='ltr'><strong><em>χερσί</em></strong></span> <span class='ocrx_word' id='word_1_172' title='bbox 754 2639 958 2725; x_wconf 84' lang='grc' dir='ltr'><strong><em>πραξάντων,</em></strong></span> <span class='ocrx_word' id='word_1_173' title='bbox 981 2640 1039 2704; x_wconf 80' lang='grc' dir='ltr'><strong><em>καί</em></strong></span> <span class='ocrx_word' id='word_1_174' title='bbox 1061 2639 1120 2704; x_wconf 87' lang='grc' dir='ltr'><strong><em>διδι</em></strong></span> 
     </span>
     <span class='ocr_line' id='line_1_24' title="bbox 136 2740 1118 2829; baseline 0.001 -22"><span class='ocrx_word' id='word_1_175' title='bbox 136 2749 241 2808; x_wconf 81' lang='grc' dir='ltr'><strong><em>ταῦτα</em></strong></span> <span class='ocrx_word' id='word_1_176' title='bbox 262 2740 402 2827; x_wconf 84' lang='grc' dir='ltr'><strong><em>χρήμαθ’</em></strong></span> <span class='ocrx_word' id='word_1_177' title='bbox 428 2743 534 2829; x_wconf 73' lang='grc' dir='ltr'><strong><em>ἑαυτῷ</em></strong></span> <span class='ocrx_word' id='word_1_178' title='bbox 553 2746 633 2819; x_wconf 86' lang='grc' dir='ltr'><strong><em>τοὺς</em></strong></span> <span class='ocrx_word' id='word_1_179' title='bbox 651 2746 814 2827; x_wconf 82' lang='grc' dir='ltr'><strong><em>Θηβαίους</em></strong></span> <span class='ocrx_word' id='word_1_180' title='bbox 836 2742 1118 2828; x_wconf 80' lang='grc' dir='ltr'><strong><em>ἐπικεκηρυχέναι.</em></strong></span> 
     </span>
     <span class='ocr_line' id='line_1_25' title="bbox 108 2847 1119 2931; baseline -0.002 -18"><span class='ocrx_word' id='word_1_181' title='bbox 108 2865 123 2913; x_wconf 83' lang='grc'><strong>6</strong></span> <span class='ocrx_word' id='word_1_182' title='bbox 137 2848 272 2912; x_wconf 84' lang='grc' dir='ltr'><strong><em>ἀκούειν</em></strong></span> <span class='ocrx_word' id='word_1_183' title='bbox 293 2848 330 2912; x_wconf 82' lang='grc' dir='ltr'><strong><em>δὲ</em></strong></span> <span class='ocrx_word' id='word_1_184' title='bbox 346 2848 483 2912; x_wconf 83' lang='grc' dir='ltr'><strong><em>καὶτῶν</em></strong></span> <span class='ocrx_word' id='word_1_185' title='bbox 497 2847 654 2931; x_wconf 85' lang='grc' dir='ltr'><strong><em>Εὐβοέων</em></strong></span> <span class='ocrx_word' id='word_1_186' title='bbox 669 2847 766 2913; x_wconf 79' lang='grc' dir='ltr'><strong><em>ἐνίων</em></strong></span> <span class='ocrx_word' id='word_1_187' title='bbox 784 2848 856 2931; x_wconf 84' lang='grc' dir='ltr'><strong><em>ἔφη,</em></strong></span> <span class='ocrx_word' id='word_1_188' title='bbox 879 2848 1119 2931; x_wconf 83' lang='grc' dir='ltr'><strong><em>πεφοβημένων</em></strong></span> 
     </span>
     <span class='ocr_line' id='line_1_26' title="bbox 136 2949 1119 3037; baseline -0.003 -20"><span class='ocrx_word' id='word_1_189' title='bbox 136 2953 192 3017; x_wconf 83' lang='grc' dir='ltr'><strong><em>καὶ</em></strong></span> <span class='ocrx_word' id='word_1_190' title='bbox 214 2954 463 3037; x_wconf 88' lang='grc' dir='ltr'><strong><em>τεταραγμένων</em></strong></span> <span class='ocrx_word' id='word_1_191' title='bbox 484 2952 546 3034; x_wconf 79' lang='grc' dir='ltr'><strong><em>τήν</em></strong></span> <span class='ocrx_word' id='word_1_192' title='bbox 567 2951 650 3036; x_wconf 89' lang='grc' dir='ltr'><strong><em>πρὸς</em></strong></span> <span class='ocrx_word' id='word_1_193' title='bbox 670 2949 730 3034; x_wconf 81' lang='grc' dir='ltr'><strong><em>τήν</em></strong></span> <span class='ocrx_word' id='word_1_194' title='bbox 750 2953 846 3015; x_wconf 89' lang='grc' dir='ltr'><strong><em>πόλιν</em></strong></span> <span class='ocrx_word' id='word_1_195' title='bbox 860 2951 1044 3034; x_wconf 83' lang='grc' dir='ltr'><strong><em>οἰκειότητα</em></strong></span> <span class='ocrx_word' id='word_1_196' title='bbox 1062 2954 1119 3014; x_wconf 89' lang='grc' dir='ltr'><strong><em>Φι-</em></strong></span> 
     </span>
     <span class='ocr_line' id='line_1_27' title="bbox 136 3051 1118 3145; baseline -0.005 -21"><span class='ocrx_word' id='word_1_197' title='bbox 136 3060 243 3145; x_wconf 85' lang='grc' dir='ltr'><strong><em>λίππφ</em></strong></span> <span class='ocrx_word' id='word_1_198' title='bbox 264 3058 494 3143; x_wconf 90' lang='grc' dir='ltr'><strong><em>γεγενημένην,</em></strong></span> <span class='ocrx_word' id='word_1_199' title='bbox 519 3057 568 3119; x_wconf 82' lang='grc' dir='ltr'><strong><em>ὅτι</em></strong></span> <span class='ocrx_word' id='word_1_200' title='bbox 592 3056 653 3140; x_wconf 85' lang='grc' dir='ltr'><strong><em>,οὐ</em></strong></span> <span class='ocrx_word' id='word_1_201' title='bbox 670 3056 826 3137; x_wconf 86' lang='grc' dir='ltr'><strong><em>λελήθαθ’</em></strong></span> <span class='ocrx_word' id='word_1_202' title='bbox 843 3055 938 3138; x_wconf 79' lang='grc' dir='ltr'><strong><em>ήμᾶς,</em></strong></span> <span class='ocrx_word' id='word_1_203' title='bbox 956 3051 982 3118; x_wconf 80' lang='grc' dir='ltr'><strong>ὦ</strong></span> <span class='ocrx_word' id='word_1_204' title='bbox 999 3056 1118 3137; x_wconf 84' lang='grc' dir='ltr'><strong><em>ἄνδρες</em></strong></span> 
     </span>
     <span class='ocr_line' id='line_1_28' title="bbox 135 3159 1117 3247; baseline -0.003 -20"><span class='ocrx_word' id='word_1_205' title='bbox 135 3164 294 3247; x_wconf 89' lang='grc' dir='ltr'><strong><em>πρέσβεις,</em></strong></span> <span class='ocrx_word' id='word_1_206' title='bbox 318 3161 368 3245; x_wconf 80' lang='grc' dir='ltr'><strong><em>ἐφ’</em></strong></span> <span class='ocrx_word' id='word_1_207' title='bbox 392 3159 442 3237; x_wconf 82' lang='grc' dir='ltr'><strong><em>οἶς</em></strong></span> <span class='ocrx_word' id='word_1_208' title='bbox 463 3162 651 3243; x_wconf 83' lang='grc' dir='ltr'><strong><em>πεποίησθε</em></strong></span> <span class='ocrx_word' id='word_1_209' title='bbox 668 3160 729 3242; x_wconf 79' lang='grc' dir='ltr'><strong><em>τήν</em></strong></span> <span class='ocrx_word' id='word_1_210' title='bbox 750 3159 884 3244; x_wconf 83' lang='grc' dir='ltr'><strong><em>εἰρήνην</em></strong></span> <span class='ocrx_word' id='word_1_211' title='bbox 904 3159 987 3244; x_wconf 85' lang='grc' dir='ltr'><strong><em>πρός</em></strong></span> <span class='ocrx_word' id='word_1_212' title='bbox 1005 3162 1117 3224; x_wconf 82' lang='grc' dir='ltr'><strong><em>Φίλιπ·</em></strong></span> 
     </span>
     <span class='ocr_line' id='line_1_29' title="bbox 138 3259 1116 3346; baseline -0.001 -18"><span class='ocrx_word' id='word_1_213' title='bbox 138 3285 213 3343; x_wconf 88' lang='grc' dir='ltr'><strong><em>πον,</em></strong></span> <span class='ocrx_word' id='word_1_214' title='bbox 236 3265 306 3327; x_wconf 85' lang='grc' dir='ltr'><strong><em>οὐδ’</em></strong></span> <span class='ocrx_word' id='word_1_215' title='bbox 332 3265 527 3346; x_wconf 78' lang='grc' dir='ltr'><strong><em>ἀγνοοῦμεν,</em></strong></span> <span class='ocrx_word' id='word_1_216' title='bbox 552 3264 601 3326; x_wconf 86' lang='grc' dir='ltr'><strong><em>ὅτι</em></strong></span> <span class='ocrx_word' id='word_1_217' title='bbox 621 3264 714 3345; x_wconf 82' lang='grc' dir='ltr'><strong><em>ὑμεῖς</em></strong></span> <span class='ocrx_word' id='word_1_218' title='bbox 734 3263 795 3346; x_wconf 78' lang='grc' dir='ltr'><strong><em>μὲν</em></strong></span> <span class='ocrx_word' id='word_1_219' title='bbox 807 3259 1003 3346; x_wconf 82' lang='grc' dir='ltr'><strong><em>Ἀμφίπολιν</em></strong></span> <span class='ocrx_word' id='word_1_220' title='bbox 1017 3263 1116 3327; x_wconf 83' lang='grc' dir='ltr'><strong><em>δεδώ-</em></strong></span> 
     </span>
     <span class='ocr_line' id='line_1_30' title="bbox 137 3361 1117 3451; baseline 0.004 -23"><span class='ocrx_word' id='word_1_221' title='bbox 137 3362 204 3429; x_wconf 87' lang='grc' dir='ltr'><strong><em>κατ’</em></strong></span> <span class='ocrx_word' id='word_1_222' title='bbox 230 3364 358 3448; x_wconf 84' lang='grc' dir='ltr'><strong><em>έκείνφ,</em></strong></span> <span class='ocrx_word' id='word_1_223' title='bbox 390 3366 551 3440; x_wconf 88' lang='grc' dir='ltr'><strong><em>Φίλιππος</em></strong></span> <span class='ocrx_word' id='word_1_224' title='bbox 577 3361 604 3428; x_wconf 86' lang='grc' dir='ltr'><strong><em>δ’</em></strong></span> <span class='ocrx_word' id='word_1_225' title='bbox 629 3367 709 3448; x_wconf 82' lang='grc' dir='ltr'><strong><em>ὑμῖν</em></strong></span> <span class='ocrx_word' id='word_1_226' title='bbox 730 3368 882 3449; x_wconf 85' lang='grc' dir='ltr'><strong><em>Εὔβοιαν</em></strong></span> <span class='ocrx_word' id='word_1_227' title='bbox 905 3364 1117 3451; x_wconf 72' lang='grc' dir='ltr'><strong><em>ὡμολόγηκεν</em></strong></span> 
     </span>
     <span class='ocr_line' id='line_1_31' title="bbox 136 3462 1116 3557; baseline 0.007 -28"><span class='ocrx_word' id='word_1_228' title='bbox 136 3463 375 3549; x_wconf 81' lang='grc' dir='ltr'><strong><em>παραδώσειν.”</em></strong></span> <span class='ocrx_word' id='word_1_229' title='bbox 407 3462 491 3529; x_wconf 76' lang='grc' dir='ltr'><strong><em>εἶναι</em></strong></span> <span class='ocrx_word' id='word_1_230' title='bbox 506 3467 618 3547; x_wconf 91' lang='grc' dir='ltr'><strong><em>μέντοι</em></strong></span> <span class='ocrx_word' id='word_1_231' title='bbox 632 3469 688 3532; x_wconf 79' lang='grc' dir='ltr'><strong><em>καὶ</em></strong></span> <span class='ocrx_word' id='word_1_232' title='bbox 704 3472 780 3533; x_wconf 80' lang='grc' dir='ltr'><strong><em>ἄλλο</em></strong></span> <span class='ocrx_word' id='word_1_233' title='bbox 796 3471 1001 3556; x_wconf 73' lang='grc' dir='ltr'><strong><em>διῳκημένον</em></strong></span> <span class='ocrx_word' id='word_1_234' title='bbox 1015 3473 1116 3557; x_wconf 75' lang='grc' dir='ltr'><strong><em>αὐτῷ,</em></strong></span> 
     </span>
     <span class='ocr_line' id='line_1_32' title="bbox 137 3567 1115 3658; baseline 0.011 -30"><span class='ocrx_word' id='word_1_235' title='bbox 137 3568 178 3630; x_wconf 87' lang='grc' dir='ltr'><strong><em>οὐ</em></strong></span> <span class='ocrx_word' id='word_1_236' title='bbox 200 3567 266 3648; x_wconf 90' lang='grc' dir='ltr'><strong><em>μήν</em></strong></span> <span class='ocrx_word' id='word_1_237' title='bbox 287 3584 339 3628; x_wconf 91' lang='grc' dir='ltr'><strong><em>πω</em></strong></span> <span class='ocrx_word' id='word_1_238' title='bbox 354 3567 452 3629; x_wconf 79' lang='grc' dir='ltr'><strong><em>τοῦτο</em></strong></span> <span class='ocrx_word' id='word_1_239' title='bbox 466 3567 645 3648; x_wconf 86' lang='grc' dir='ltr'><strong><em>βούλεσθαι</em></strong></span> <span class='ocrx_word' id='word_1_240' title='bbox 659 3571 781 3652; x_wconf 83' lang='grc' dir='ltr'><strong><em>λέγειν·</em></strong></span> <span class='ocrx_word' id='word_1_241' title='bbox 804 3574 860 3636; x_wconf 80' lang='grc' dir='ltr'><strong><em>καὶ</em></strong></span> <span class='ocrx_word' id='word_1_242' title='bbox 874 3575 939 3657; x_wconf 81' lang='grc' dir='ltr'><strong><em>γάρ</em></strong></span> <span class='ocrx_word' id='word_1_243' title='bbox 955 3577 1018 3639; x_wconf 79' lang='grc' dir='ltr'><strong><em>νῦν</em></strong></span> <span class='ocrx_word' id='word_1_244' title='bbox 1033 3580 1115 3658; x_wconf 89' lang='grc' dir='ltr'><strong><em>φθο-</em></strong></span> 
     </span>
    </p>
   </div>
   <div class='ocr_carea' id='block_1_3' title="bbox 0 0 1246 3992">
    <p class='ocr_par' dir='ltr' id='par_1_3' title="bbox 0 0 1246 3992">
     <span class='ocr_line' id='line_1_33' title="bbox 0 0 1246 3992; baseline 0 2"><span class='ocrx_word' id='word_1_245' title='bbox 0 0 1246 3992; x_wconf 95' lang='lat' dir='ltr'><strong><em> </em></strong></span> 
     </span>
    </p>
   </div>
  </div>
 </body>
</html>
