2484 3992
193 238 309 304 xvffl
575 236 791 295 initiante.

1153 658 1155 687 i

492 766 568 828 Quae
585 766 632 817 ubi
645 767 765 834 Harpalo
778 783 793 818 e
806 769 922 819 vinculis
934 770 1033 836 elapso
1048 787 1137 821 nume

492 859 550 904 rata
567 858 615 916 est,
640 869 700 903 cum
725 854 836 904 dimidia
859 855 915 906 fere
938 873 1002 921 pars
1033 859 1139 909 deesset

430 944 433 959 ’
492 941 551 991 eine
569 954 696 1003 summae,
715 956 795 1006 quam
813 940 861 992 ille
874 957 890 991 a
902 956 930 992 se
948 942 1070 995 allatam
1083 960 1159 1031 ossei

492 1026 664 1089 indicaverat,
670 1028 791 1092 quaestio
799 1027 1087 1094 abAreopagohabita
1093 1038 1139 1082 est.
1157 1038 1159 1080 t

491 1113 534 1162 Ibi
543 1113 576 1162 D.
589 1127 650 1162 cum
669 1112 730 1162 aliis
744 1118 892 1177 accusatus,
907 1114 977 1179 quod
990 1119 1140 1180 pecuniam

431 1234 433 1251 .
492 1199 525 1249 ab
538 1198 658 1264 Harpalo
677 1200 832 1264 accepisset,
850 1215 911 1249 cum
930 1200 1032 1251 frustra
1054 1218 1086 1252 se
1098 1203 1140 1253 de

431 1264 433 1275 Ι
491 1284 629 1347 tendisset,
647 1284 670 1332 L
688 1285 798 1336 talentis
818 1285 947 1337 multatus
965 1292 1075 1339 etcum
1089 1289 1140 1340 aol-

431 1388 433 1401 =
490 1384 554 1420 vere
571 1385 625 1418 non
638 1376 736 1435 posset,
753 1373 783 1420 in
796 1387 928 1422 carcerem
940 1373 1077 1426 deductus
1091 1381 1140 1427 est.

492 1455 569 1506 Unde
599 1456 669 1505 clam
699 1456 804 1522 aufugit
840 1464 867 1508 et
895 1461 924 1507 in
953 1459 1070 1511 exilium
1109 1463 1141 1511 iit
1198 1506 1200 1521 1

431 1510 631 1606 Aeginam.

230 1613 304 1675 14¹1
354 1615 404 1663 323
459 1627 610 1677 Alexander
628 1629 740 1678 moritur
758 1629 906 1694 Babylone.

230 1698 306 1760 114,2
431 1690 433 1781 Ι
459 1712 637 1763 Athenienses
656 1713 766 1765 etaliae
784 1716 908 1766 civitates
921 1716 1040 1768 Graecae
1062 1735 1141 1770 arma

431 1810 433 1851 ὲ
494 1804 601 1850 movent
631 1806 724 1851 eontra
752 1801 927 1866 Macedones,
956 1804 1140 1857 Demostheni

431 1870 433 1963 Ι
493 1885 609 1935 reditum
627 1886 746 1936 decernit
764 1887 886 1954 populus.
923 1919 940 1949 .·„

209 1938 305 2104 ΙῙῙ43
355 1959 406 2007 322
431 1924 440 2139 ΙΙ
458 1971 601 2036 Antipater
624 1973 709 2022 victos
734 1974 804 2039 apud
823 1974 992 2026 Crannonem
1016 1976 1141 2029 Graecos

493 2056 527 2106 ad
545 2070 639 2120 pacem
663 2057 812 2109 faciendam
835 2064 931 2127 coegit.
967 2062 1083 2114 Athenis
1103 2068 1139 2116 D.

431 2090 440 2315 Ι
495 2156 555 2191 cum
578 2142 716 2208 Hyperide
740 2145 854 2212 aliisque
876 2149 971 2213 capitis
992 2149 1140 2203 damnatus

431 2090 440 2325 ΙΙ
493 2229 522 2277 in
537 2226 690 2279 Calauriam
703 2230 819 2280 insulam
832 2234 960 2299 confugit.
982 2236 1025 2285 Ibi
1038 2239 1138 2289 sedens

495 2315 524 2363 in
542 2313 663 2380 Neptuni
681 2316 781 2383 templo
800 2317 833 2366 ad
852 2335 934 2383 aram,
952 2336 986 2371 ne
1004 2323 1038 2372 ab
1057 2324 1138 2376 Anti-

494 2400 564 2465 patri
574 2401 737 2452 satellitibus
747 2389 1019 2472 comprehenderetur,
1028 2425 1137 2462 veneno

495 2484 593 2534 hausto
624 2488 676 2537 sibi
706 2490 764 2553 ipse
793 2496 905 2541 mortem
934 2496 1073 2546 conscivit.
1100 2525 1137 2535 -

208 2546 211 2621 Ι
494 2569 601 2619 Mortuo
626 2577 720 2638 postea
744 2580 832 2626 statua
854 2580 883 2637 in
906 2579 962 2629 foro
981 2582 1070 2647 posita
1093 2591 1137 2635 eat

208 2624 211 2693 Ι
496 2655 627 2722 inscripta
644 2658 694 2708 hoc
713 2661 804 2710 modo:

207 2680 210 2843 Ι
496 2737 583 2810 Εἴπερ
600 2741 663 2811 ἴσην
675 2742 771 2813 ῥώμην
788 2748 890 2819 γνώμῃ,
909 2748 1098 2821 Δημόσθενες,

871 2830 948 2903 εἶχες,

209 2852 212 2983 Ι
321 2885 325 2987 Ι
494 2910 600 2966 Oduov’
611 2911 646 2967 dv
658 2908 792 2985 Ἑλλήνων
804 2913 885 2988 ἦρξεν
893 2915 971 2989 ’Ἄρης
980 2924 1130 2981 Μακεδών.
