2484 3992
558 1105 583 1169 Ι.

287 1278 435 1341 ΚΑΤΑ
474 1281 777 1343 ΦΙΛΙΠΠΟῬ
806 1286 856 1356 Α,

519 1470 618 1478 -α-ι

401 1587 733 1657 ARGUMENTUM.

164 1781 204 1846 In
227 1802 363 1845 numero
387 1780 543 1862 hostium,
567 1803 587 1844 a
603 1779 726 1864 quihus
741 1778 915 1865 Philippus
931 1782 1055 1867 Amyn·

72 1893 135 1950 tae
157 1884 257 1966 filius,
276 1883 334 1948 ubi
357 1886 500 1970 primum
516 1885 550 1947 in
567 1882 769 1947 Macedonia
784 1903 929 1966 regnare
945 1886 1055 1971 coepit

74 1989 122 2068 (a.
138 1985 234 2070 ⁴359),
256 1986 404 2072 undique
426 1989 675 2052 circumventus
699 1999 766 2070 est,
796 1987 931 2054 fuerunt
954 1988 1056 2054 Athe·

73 2093 213 2155 nienses
231 2111 378 2175 quoque3
401 2090 437 2155 hi
454 2091 542 2154 enim
557 2089 706 2156 turbatis
723 2090 877 2156 omnibus
893 2094 927 2156 in
943 2091 1056 2157 Maee-

75 2195 180 2260 donia
196 2194 296 2259 rebus
313 2195 528 2259 occasionem
543 2192 609 2259 sihi
623 2192 739 2261 datam
756 2216 831 2258 esse
852 2204 1055 2280 putaverant

75 2298 305 2383 Amphipolim
319 2297 408 2363 bello
425 2298 711 2383 Peloponnesiaco
735 2301 894 2363 amissam
917 2320 1054 2384 recupe-

75 2402 186 2466 randi.
224 2402 297 2467 Rex
320 2412 433 2467 autem
454 2423 519 2487 quo
542 2402 678 2467 facilius
702 2424 722 2466 a
746 2403 867 2467 ceteris
890 2402 1055 2485 hostibus,

74 2504 205 2590 Illyriis
221 2505 413 2570 Paeonibus
429 2504 618 2570 Thracibus
644 2528 680 2570 se
704 2504 909 2588 defenderet,
934 2505 1055 2571 deinde

78 2608 167 2673 domi
195 2632 248 2675 res
278 2619 509 2695 componeret,
538 2608 802 2675 Atheniensibus
832 2609 948 2675 oblata
970 2630 1055 2694 pace

76 2711 303 2799 Amphipolim
336 2735 403 2778 non
433 2712 540 2779 solum
567 2716 752 2796 concessit,
788 2713 848 2778 sed
881 2734 956 2778 cum
990 2714 1055 2798 ipsi

76 2816 193 2881 urbem
215 2838 337 2902 sapere
359 2818 554 2902 nequirent,
589 2838 663 2881 sese
692 2826 921 2901 expugnatam
948 2817 1054 2882 tradi·

77 2929 188 2984 turum
210 2921 373 3006 promisit.
418 2918 523 2985 Cuius
547 2942 669 3005 operae
691 2918 879 2984 mercedem
901 2918 1054 3004 Pydnam

76 3022 193 3087 urbem
215 3023 441 3090 Athenienses
476 3024 609 3090 occulto
645 3033 744 3111 pacto
779 3025 851 3106 regi
885 3022 1054 3088 condona·

76 3135 206 3191 verunt.
231 3125 299 3192 Sed
321 3137 457 3214 praeter
480 3149 592 3193 eorum
616 3128 906 3212 exspectationem
929 3126 1055 3192 cecidit

77 3251 146 3294 res:
168 3240 344 3317 utramque
359 3231 477 3296 urbem
488 3229 661 3316 Philippus
679 3241 711 3295 et
730 3251 899 3295 armorum
914 3232 949 3295 vi
965 3232 1054 3315 cepit

78 3341 109 3395 et
125 3332 316 3417 proditione
333 3333 434 3416 (357),
447 3333 598 3399 reddidit
610 3333 874 3400 Atheniensibus
888 3342 1054 3398 neutram.

76 3433 231 3500 Proximo
266 3458 355 3501 anno
390 3437 588 3502 Potidaeam
629 3436 750 3502 iisdem
792 3438 913 3522 eripuit
952 3443 1054 3521 atque

77 3535 169 3603 illam
197 3537 314 3604 urbem
346 3548 380 3605 et
409 3538 641 3605 Anthemunta
670 3543 839 3605 concessit
868 3536 1051 3623 Olynthiis,

126 3656 339 3701 nnuosrnnnns.
738 3706 742 3711 ,
849 3641 863 3688 1
