2484 3992
180 257 223 321 50
483 259 523 324 V.
547 261 903 323 ΔΗΜΟΣΘΕΝΟΤΣ

180 447 436 514 Atheniensium
466 450 532 514 iam
557 449 791 534 desperarent,
821 471 858 513 se
886 469 1013 534 suaque
1045 451 1170 514 omnia

181 550 382 616 dediderunt
412 551 576 638 Philippo.
621 551 689 632 Qui
716 553 948 639 Thermopylis
977 555 1052 619 sine
1087 552 1169 618 ulla

180 654 398 720 dimicatione
438 657 604 741 superatis
639 656 922 741 Amphictyonum
954 659 1169 723 convocavit

178 759 368 838 concilium,
393 760 449 844 qui
472 780 613 844 poenam
636 759 671 822 in
695 758 895 844 sacrilegam
913 760 1006 825 illam
1021 770 1168 845 gentem

178 865 433 927 constituerent.
478 861 661 927 Decretum
685 872 746 947 est,
774 872 812 927 ut
836 863 1050 928 diruerentur
1072 864 1165 930 Pho·

179 967 329 1030 censium
353 965 494 1052 oppida,
527 967 590 1051 ipsi
615 967 771 1030 exomni
797 988 968 1032 sacrorum
992 969 1167 1034 socictate

179 1069 456 1151 excluderentur,
488 1070 522 1132 in
552 1090 665 1133 eorum
687 1068 798 1134 locum
821 1069 993 1157 Philippus
1018 1072 1166 1157 eiusque

178 1174 304 1258 posteri
338 1172 567 1238 succederent.
613 1173 709 1254 Quae
733 1173 870 1239 decreta
894 1197 969 1239 cum
998 1173 1055 1239 ille
1088 1196 1163 1239 non

177 1283 359 1340 cunctatus
372 1284 463 1340 esset
476 1277 624 1360 exigere,
637 1277 839 1341 Boeotorum
852 1277 986 1362 oppida,
1000 1300 1021 1341 a
1034 1276 1162 1363 quibus

177 1379 368 1444 Phocenses
393 1379 500 1445 adiuti
525 1390 632 1463 erant,
662 1391 859 1465 expugnata
881 1382 1051 1446 concessit
1072 1380 1163 1446 The-

178 1482 293 1565 banis3
316 1482 489 1546 Thessalis
525 1492 558 1547 et
592 1484 783 1548 custodiam
814 1484 907 1548 dedit
936 1483 1052 1569 templi
1075 1484 1162 1549 Del·

176 1588 267 1672 phici
304 1595 335 1650 et
371 1586 584 1669 Magnesiam
616 1588 845 1674 Nicaeamque
878 1590 1045 1670 restituit,
1083 1589 1161 1674 ipse

177 1712 343 1756 unacum
368 1691 488 1756 iisdem
512 1691 710 1757 civitatibus
726 1692 866 1777 Pythios
890 1691 988 1756 ludos
1004 1695 1159 1757 commit·

177 1793 296 1860 tendos
321 1796 463 1859 curavit.
487 1794 711 1858 Athenienses
735 1804 847 1858 autem
871 1794 928 1859 ubi
952 1795 1160 1879 quaefacta

178 1907 291 1961 essent
315 1906 565 1985 compererunt,
594 1920 662 1962 non
685 1900 795 1962 minus
820 1900 871 1962 ira
894 1900 1041 1982 incensi,
1066 1900 1159 1984 quod

176 2001 280 2066 talem
309 2004 343 2066 in
367 2002 521 2066 fraudem
549 2001 766 2083 incidissent,
801 2023 901 2087 quam
929 2002 1051 2066 timorc
1078 2023 1163 2086 per·

176 2107 285 2171 territi
316 2126 377 2169 nec
401 2107 458 2191 qui
486 2105 574 2169 ludis
604 2104 673 2169 illis
706 2127 767 2169 nec
791 2106 847 2189 qui
871 2104 1159 2190 Amphictyonum

175 2207 316 2273 concilio
341 2210 559 2290 interessent,
582 2210 746 2272 miserunt
780 2205 911 2291 legatos
941 2216 984 2290 et,
1014 2208 1159 2293 perinde

176 2335 216 2377 ac
251 2311 280 2375 si
315 2312 382 2375 iam
411 2320 491 2374 ante
524 2331 636 2374 muros
676 2318 765 2373 esset
801 2309 924 2390 hostis,
959 2309 1004 2375 ad
1038 2310 1158 2377 urbem

176 2414 423 2479 defendendam
453 2415 565 2477 omnia
599 2421 860 2499 apparaverunt.
904 2411 1015 2497 Magis
1050 2415 1157 2479 etiam

175 2517 438 2583 concitabantur
478 2516 598 2599 animi,
636 2538 712 2580 cum
745 2515 858 2602 paullo
896 2526 971 2601 post
1006 2516 1157 2604 Philippi

175 2620 478 2705 Thessalorumque
491 2618 598 2702 legati
611 2621 785 2684 venissent
798 2618 961 2702 Athenas,
977 2629 1015 2684 ut
1028 2642 1155 2686 novum

175 2728 209 2790 in
224 2724 372 2789 Phocide
397 2733 522 2787 statum
544 2745 655 2787 rerum
678 2731 779 2808 atque
796 2723 1079 2809 Amphictyonum
1095 2725 1155 2789 de·
1228 2728 1229 2737 ’

173 2837 267 2893 creta
290 2826 547 2912 comprobarent
564 2829 667 2909 cives,
690 2827 901 2911 postulantes
925 2827 1014 2912 iique
1037 2849 1155 2914 quere·

174 2942 307 3006 rentur,
353 2929 443 3015 quod
480 2929 623 2994 Athenis
661 2929 795 3012 fugitivi
818 2929 1008 2995 Phocenses
1039 2943 1155 2997 essent

174 3038 310 3120 recepti.
355 3034 439 3098 Tum
463 3033 610 3114 civibus,
642 3032 722 3119 quid
750 3033 874 3115 legatis
898 3034 1154 3118 responderent,

175 3136 699 3202 deliberantibusDemosthenes
720 3143 882 3218 metuens,
904 3159 947 3201 ne
963 3141 1153 3203 temerariis

174 3240 324 3307 consiliis
352 3240 545 3327 respublica
568 3241 603 3304 in
628 3261 790 3304 summum
812 3239 1039 3306 adduceretur
1067 3244 1152 3327 peri-

173 3347 300 3428 culum,
346 3348 548 3427 orationem,
585 3366 671 3429 quae
704 3352 755 3408 est
794 3344 841 3408 de
878 3364 995 3429 pace,
1033 3344 1152 3411 habuit

173 3453 347 3533 (autumno
371 3451 451 3513 anni
474 3447 561 3528 346).
