2484 3992
475 203 691 273 saturano.
1017 206 1068 270 IX

93 389 248 457 Attica’
267 391 431 478 appellari
448 392 543 458 solet.
572 393 776 459 Floruerunt
792 394 827 460 hi
843 358 994 460 odatores
1010 417 1069 480 per

96 495 242 580 spatium
264 496 401 560 circiter
417 511 438 562 c
452 517 615 561 annorum
639 521 660 562 a
676 495 825 581 Gorgiae
849 497 939 562 illius
956 506 1070 563 aetate

94 619 199 683 usque
222 595 268 661 ad
289 607 430 662 mortem
444 597 634 664 Alexandri
649 599 782 683 Magni3
805 622 869 687 quo
886 602 975 666 enirn
989 610 1070 666 tem·

95 721 178 786 pore
192 700 450 767 Atheniensium
473 701 614 768 libertas
638 703 682 769 ab
694 703 875 788 Antipatro
899 704 1071 769 exstincta

97 811 160 885 est,
194 804 264 869 fere
298 803 415 869 eodem
445 803 536 889 apud
564 827 621 870 eos
647 806 864 889 degeneravit
895 828 935 871 ac
963 827 1072 892 paene

97 904 261 971 obmutuit
285 906 485 992 eloquentia.

202 1008 350 1094 Gorgiae
367 1010 520 1097 aequalis
536 1012 751 1097 Antiphon
773 1015 900 1098 primus
925 1022 959 1078 et
981 1012 1072 1095 logo·

100 1114 247 1199 graphus
271 1116 405 1180 exstitit
428 1125 462 1180 et
486 1118 656 1182 orationes
681 1118 825 1201 scriptas
849 1115 966 1197 edidit,
990 1137 1073 1201 quas

81 1220 220 1283 -ceteris
249 1229 450 1304 proponeret
480 1220 634 1306 exempla
662 1222 871 1285 imitationis.
916 1220 1073 1306 Lysias

98 1343 180 1385 vero
204 1323 239 1385 in
268 1322 386 1387 eadem
409 1331 483 1387 arte
506 1323 592 1388 adeo
616 1322 816 1405 excellebat,
844 1334 882 1389 ut
904 1340 954 1389 xx
976 1323 1074 1387 annis

98 1422 175 1509 plus
200 1441 243 1492 cc
264 1427 434 1490 orationes
469 1425 547 1490 aliis
575 1427 764 1492 confecisse
788 1425 967 1509 diceretur,
1000 1436 1074 1491 tan·

98 1537 235 1614 tamque
251 1528 385 1594 laudem
402 1530 580 1596 scribendo
596 1541 796 1596 consecutus
819 1540 881 1614 est,
902 1542 940 1597 ut
956 1529 1075 1597 Cicero

98 1654 177 1696 eum
200 1630 343 1696 alterum
364 1654 471 1718 paene
486 1634 748 1699 Demosthenem
771 1633 967 1719 appellaret.
997 1634 1076 1698 Pro·

98 1738 211 1801 ximus
234 1735 311 1800 huic
335 1737 550 1801 Isocrates
573 1738 647 1819 fuit,
671 1740 767 1802 cuius
786 1738 913 1820 domus,
935 1746 971 1801 ut
988 1735 1078 1802 idem

99 1841 152 1904 ait
175 1836 310 1921 Cicero,
338 1848 483 1904 cunctae
506 1837 673 1904 Graeciae
696 1842 794 1925 quasi
817 1838 916 1904 ludus
940 1839 1078 1923 quidam

99 1945 212 2029 patuit
236 1951 338 2028 atque
362 1942 496 2006 officina
520 1940 666 2006 dicendi.
710 1942 754 2024 Is,
782 1963 984 2029 quamquam
1006 1942 1079 2027 ipse

101 2046 258 2111 inferum
271 2067 451 2129 numquam
463 2044 633 2131 prodibat,
646 2047 817 2111 orationes
828 2056 943 2112 tamen
955 2046 1078 2111 multas

100 2150 255 2235 scripsit,
285 2151 318 2212 in
342 2148 463 2234 quibus
489 2149 622 2213 dicendi
646 2170 769 2232 genere
791 2171 871 2214 usus
896 2158 947 2213 est
969 2147 1080 2213 medio

100 2254 193 2317 inter
216 2250 532 2335 demonstrativum,
567 2252 656 2338 quod
681 2254 850 2337 proprium
874 2261 947 2316 erat
971 2251 1081 2336 sophi·

103 2364 244 2439 starum,
267 2365 300 2421 et
317 2354 585 2438 deliberativum,
608 2357 663 2421 cui
678 2357 881 2441 posteriores
898 2353 1080 2419 studebant

103 2467 270 2524 oratores.
302 2459 406 2524 Pater
421 2458 634 2544 eloquentiae
658 2468 771 2524 autem
794 2457 851 2524 ille
874 2467 924 2523 est
940 2466 1082 2522 vocatus

102 2569 208 2646 atque
230 2561 422 2645 habendus,
449 2570 628 2647 propterea
652 2560 741 2647 quod
763 2562 890 2647 primus
913 2559 1082 2625 intellexit

102 2666 208 2730 etiam
230 2667 265 2728 in
288 2664 400 2729 soluta
413 2666 564 2729 oratione
576 2664 710 2729 modum
733 2676 846 2729 tamen
863 2673 895 2728 et
912 2685 1083 2727 numerum

105 2768 284 2854 quendam,
301 2771 358 2853 qui
374 2791 395 2832 a
412 2766 553 2834 Graecis
571 2768 749 2833 dicebatur
765 2768 904 2849 ῥυθμός,
927 2776 1083 2852 oportere

106 2873 247 2937 servari.
293 2870 368 2952 Qua
396 2873 432 2935 in
459 2894 495 2936 re
524 2893 598 2936 eum
628 2893 694 2936 non
719 2871 824 2936 solum
846 2871 998 2936 imitatus
1022 2877 1083 2949 est,

106 2977 347 3041 verumetiam
370 2974 471 3059 longe
495 2977 668 3061 superavit
690 2974 946 3040 Demosthenes.

210 3077 276 3160 Qui
294 3079 452 3164 deinceps
474 3088 693 3143 numerantur
704 3077 889 3143 Aeschines
905 3077 1084 3161 Lycurgus

108 3181 298 3268 Hyperides
307 3191 458 3247 oratores
466 3181 600 3246 fuerunt
608 3181 828 3245 Demostheni
840 3181 909 3244 fere
918 3177 1086 3264 aequales,

109 3307 272 3351 summam
296 3284 432 3351 dicendi
460 3286 604 3369 gloriam
629 3285 760 3370 adepti,
795 3282 853 3348 illo
883 3293 996 3347 tamen
1020 3279 1086 3345 elo·

111 3393 248 3475 quentia
285 3389 472 3454 inferiores.
516 3388 571 3454 Ab
608 3387 816 3454 Aeschine
856 3394 1086 3471 oppugnatore

109 3491 346 3558 Demosthenis
362 3493 527 3557 acerrimo
544 3491 684 3556 relictae
700 3500 778 3554 sunt
795 3490 976 3561 orationes,
1000 3503 1087 3568 quae
