2484 3992
160 242 180 307 6
438 243 465 307 Ι.
489 243 850 308 ΔΗΜΟΣΘΕΝΟΤΣ

162 429 188 496 ὦ
212 433 329 515 ἄνδρες
343 430 521 514 Ἀθηναῖοι,
544 432 582 496 τὸ
604 440 748 513 πρᾶγμα,
772 431 808 495 σι’
825 430 1023 515 προελήλυθ’
1048 432 1155 498 ἀσελ-

159 538 249 619 γείας
272 536 463 618 ἅνθρωπος,
497 534 533 610 ὃς
560 532 631 599 οὐδ’
664 535 792 618 αἵρεσιν
819 536 899 617 ὑμῖν
930 537 1050 600 δίδωσι
1081 549 1155 601 τοῦ

157 642 311 723 πράττειν
339 639 359 720 ἢ
390 643 482 719 ἄγειν
510 638 665 720 ἡσυχίαν,
698 639 763 702 ἀλλ’
788 639 912 702 ἀπειλεῖ
941 640 997 702 καλ
1019 643 1155 721 λόγους

157 745 391 828 ὑπερηφάνους
414 745 457 818 ὥς
479 761 560 825 (μασι
589 744 684 824 λέγει,
708 744 844 825 καὶούχ
874 743 944 818 οἶός
965 743 1030 807 ἐστ’
1056 745 1153 827 ἔχων

158 852 179 913 ἃ
201 851 440 929 κατέστραπται
463 848 574 929 μένειν
596 846 650 910 ἐπὶ
671 850 809 926 τούτων,
832 845 898 911 ἀλλ’
918 849 970 911 άεί
983 871 1015 910 τι
1037 869 1150 929 προσ·

156 954 380 1035 περιβάλλεται
402 951 458 1013 καλ
480 952 588 1034 κύκλῳ
609 959 755 1033 πανταχῇ
779 952 952 1032 μέλλοντας
973 950 1059 1032 ἡμᾶς
1082 955 1151 1015 καὶ

116 1073 147 1120 10
157 1056 366 1137 καθημένους
402 1055 675 1135 περιστοιχίζεται.
726 1057 796 1117 πότ’
835 1052 916 1132 ούν,
955 1051 981 1116 ὦ
1019 1055 1151 1137 ἄνδρες

154 1156 334 1240 Ἀθηναῖοι,
364 1159 439 1220 πόθ’
465 1156 566 1238 ἃχρὴ
590 1154 743 1239 πράξετε,
776 1156 912 1219 ἐπειδδιν
934 1158 967 1219 τί
987 1158 1150 1240 γένηται,·

156 1262 291 1326 ἐπειδὰν
311 1261 351 1341 νὴ
368 1264 421 1323 Δί’
447 1260 582 1340 άνάγκη.
628 1268 691 1321 νῦν
713 1260 750 1322 δέ
772 1263 805 1321 τί
824 1260 884 1343 χρὴ
907 1261 948 1323 τδι
970 1262 1146 1344 γιγνόμεν’

155 1365 323 1447 ἡγεῖσθαι,
346 1364 408 1443 ἐγὼ
424 1364 485 1444 μὲν
499 1363 562 1443 γὰρ
578 1358 668 1443 οἶμαι
684 1372 751 1436 τοῖς
773 1363 959 1446 ἐλευθέροις
981 1366 1146 1447 μεγίστην

157 1468 304 1547 άνάγκην
330 1465 390 1545 την
421 1465 502 1548 ὑπὲρ
531 1474 597 1527 τῶν
624 1468 825 1547 πραγμάτων
853 1467 1011 1549 αἰσχύνην
1039 1463 1143 1533 εἶναι.

155 1570 175 1651 ἢ
198 1571 360 1652 βούλεσθ’,
384 1570 453 1630 είπέ
468 1589 534 1650 μοι,
557 1571 738 1649 περιιόντες
762 1569 871 1633 αὑτων
886 1572 1141 1635 πυνθάνεσθαι·

157 1674 303 1759 ,λέγεταί
323 1694 354 1734 τι
376 1673 529 1751 καινόν“,·
551 1672 680 1753 γένοιτο
695 1673 759 1754 γὰρ
775 1676 817 1735 ἄν
836 1695 868 1737 τι
889 1677 1092 1757 καινότερον,
1114 1675 1141 1757 ἢ

154 1776 323 1840 Μακεδὼν
346 1776 430 1859 ἀνὴρ
450 1772 649 1857 Ἀθηναίους
670 1778 904 1859 καταπολεμῶν
927 1779 983 1840 κοιλ
1005 1778 1046 1840 τὰ
1067 1787 1141 1842 τῶν

149 1879 314 1962 Ἐλλήνων
323 1882 474 1961 διοικῶν,
487 1880 647 1964 ,τέθνηκε
656 1877 846 1960 Φίλιππος·ιι
864 1880 924 1957 ,ού
936 1880 1055 1962 μδιΛί,
1067 1881 1139 1943 ἀλλ’

113 2001 141 2047 11
156 1981 318 2047 aofievsffl.
363 1984 397 2045 τί
418 1979 445 2045 δ’
471 1983 550 2064 ὑμῖν
572 1983 740 2064 διαφέρει,Ι
762 1983 817 2046 καί
839 1983 903 2065 γὰρ
926 1983 968 2047 ἂν
991 1981 1088 2059 οὗτός
1102 2007 1135 2048 τι

153 2090 256 2170 πάθη,
278 2088 398 2168 ταχέως
420 2086 513 2166 ὑμεῖς
534 2083 646 2166 ἕτερον
664 2088 826 2148 Φίλιππον
848 2086 1008 2167 ποιήσετε,
1032 2091 1138 2170 όνπερ

155 2192 243 2254 οὕτω
265 2190 440 2273 προσέχητε
465 2198 533 2263 τοῖς
554 2191 723 2271 πράγμασι
745 2186 802 2251 τὸν
830 2197 927 2252 νοῦν·
963 2189 1041 2253 ούδέ
1069 2191 1139 2272 γὰρ

153 2293 249 2369 οὗτος
278 2293 367 2376 παρὰ
394 2293 455 2373 τὴν
484 2292 586 2354 αὑτοῦ
616 2290 730 2373 ῥώμην
756 2300 917 2354 τοσοῦτον
945 2289 1136 2374 ἐπηύξηται,

111 2416 141 2462 12
154 2400 232 2461 ὅσον
254 2399 343 2482 παρδι
365 2398 425 2479 την
447 2397 607 2480 ἡμετέραν
625 2396 784 2476 ἀμέλειαν.
819 2397 926 2458 καίτοι
941 2397 997 2459 καλ
1018 2405 1137 2458 τοῦτο·
1171 2419 1178 2428 ·

153 2505 227 2565 εἴτι
242 2504 345 2564 πάθοι
360 2500 416 2562 καλ
431 2501 467 2561 τὸ
486 2508 540 2579 τῆς
561 2501 659 2579 τύχης
681 2498 769 2580 ἡμῖν,
792 2498 874 2579 ἥπερ
897 2498 948 2560 άεὶ
970 2499 1136 2580 βέλτιονῆ

150 2604 242 2686 ἡμεῖς
253 2603 347 2685 ἡμῶν
358 2604 468 2666 αὐτῶν
480 2602 730 2682 ἐπιμελούμεθα,
746 2602 801 2663 καλ
815 2604 901 2663 τοῦτ’
915 2599 1135 2684 ἐξεργάσαιτο,

153 2705 218 2769 ἴσθ’
253 2706 301 2767 ὅτι
329 2706 467 2786 πλησίον
494 2704 554 2785 μὲν
585 2706 691 2782 ὄντες,
726 2703 848 2766 άπασιν
876 2703 917 2765 διν
938 2713 1006 2778 τοῖς
1035 2707 1136 2787 πράγ-

153 2827 253 2893 μασιν
275 2809 525 2890 τεταραγμένοις
547 2807 743 2882 ἐπιστάντες,
768 2809 854 2882 ὅπως
874 2809 1033 2888 βούλεσθε
1056 2809 1135 2872 διοι·

152 2917 321 2994 κήσαισθε,
347 2910 389 2985 ὡς
412 2911 448 2972 δέ
463 2914 527 2974 νῦν
549 2908 637 2993 ἔχετ’,
662 2910 740 2973 οὐδὲ
755 2911 916 2973 διδόντων
930 2920 997 2974 τῶν
1010 2920 1134 2993 καιρῶν

151 3017 345 3098 Ἀμφίπολιν
377 3010 534 3088 δέξασθαι
562 3010 715 3076 δύναισθ’
747 3015 799 3092 ἄν,
828 3013 1050 3095 ἀπηρτημένοι
1077 3015 1132 3076 καὶ

150 3128 221 3193 ταῖς
243 3126 467 3197 παρασκευαῖς
489 3116 545 3179 καλ
566 3125 638 3190 ταῖς
659 3121 812 3198 γνώμαις.

112 3239 142 3287 13
236 3218 290 3294 Ὡς
306 3219 365 3300 μὲν
382 3215 443 3281 οὖν
466 3219 516 3282 δεῖ
539 3220 579 3281 τδι
601 3220 810 3303 προσήκοντα
831 3229 938 3283 ποιεῖν
960 3219 1132 3295 ἐθέλοντας

148 3325 307 3407 ύπάρχειν
330 3322 475 3397 ἅπαντας
497 3322 647 3404 ἑτοίμως,
677 3321 720 3398 ὡς
743 3324 934 3405 ἐγνωκότων
956 3324 1050 3405 ὑμῶν
1071 3327 1127 3387 καί

149 3427 373 3507 πεπεισμένων
388 3428 536 3507 παύομαι
558 3429 675 3507 λέγων·
698 3426 756 3490 τὸν
772 3428 808 3490 δὲ
823 3426 946 3510 τρόπον
960 3435 1016 3509 της
1030 3448 1131 3509 παρα-

150 3538 276 3613 σκευῆς,
308 3530 351 3610 ἣν
374 3527 553 3606 ἀπαλλάξαι
575 3539 642 3593 τῶν
666 3532 828 3594 τοιούτων
860 3530 901 3594 ἂν
929 3532 1131 3612 πραγμάτων
