2484 3992
354 218 480 279 ΚΑΤΑ
505 218 740 279 ΦΙΛΙΠΠΟῬ
757 219 798 279 A.
1042 213 1082 277 15

106 405 180 487 μήτ’
203 403 394 486 ἐνθυμεῖται
415 403 488 487 μήτ’
511 403 671 488 ὀργίζεται
693 404 790 487 ὁρῶν,
814 400 840 468 ὦ
863 402 1084 488 ἀνδρεςἈθη-

105 518 205 592 ναῖοι,
219 508 280 590 τήν
291 507 351 590 μέν
362 508 465 593 ἀρχὴν
473 517 532 571 τοῦ
542 509 688 591 πολέμου
702 510 921 590 γεγενημένην
930 507 1013 593 ὑπὲρ
1024 518 1083 573 τοῦ

107 612 362 696 τιμωρήσασθαι
387 614 560 691 Φίλιππον,
583 611 644 693 τήν
666 611 711 695 δὲι
724 611 878 692 τελευτήν
900 607 1005 675 οὖσαν
1020 613 1094 701 ήδη

105 716 265 799 περὶτοῦ
293 714 337 797 μή
360 720 481 779 παθεῖν
509 723 617 790 κακῶς
645 714 710 778 ὑπὸ
735 715 917 777 Φιλίππου·
942 752 980 761 -
1006 714 1085 778 ἀλλὰ

106 820 176 902 μὴν
198 819 248 882 ὅτι
269 821 299 901 γ’
323 818 363 882 οὑ
386 818 546 900 στήσεται,
570 819 681 900 δήλου,
704 818 733 881 εί
754 818 798 900 μή
822 841 872 893 τις
892 818 1085 883 κωλύσει-

107 919 180 986 είτα
202 924 289 985 τοῦτ’
312 920 555 1004 ἀναμενοῦμεν,·
588 922 644 984 καὶ
672 920 812 1005 τριήρεις
832 922 930 997 κενάς
950 922 1007 984 καὶ
1028 921 1086 996 τὰς

107 1026 201 1107 παρὰ
222 1033 282 1088 τοῦ
304 1026 412 1101 δεῖνος
434 1024 565 1099 ἐλπίδας
588 1024 630 1087 ἀν
645 1023 864 1105 ἀποστείλητε,
886 1020 979 1087 πάντ’
1003 1024 1087 1106 ἔχειν

108 1131 221 1192 οἴεσθε
234 1130 358 1208 καλῶς,·
380 1129 442 1191 οὑκ
456 1125 664 1209 ἐμβησόμεθ’,·
685 1126 748 1189 οὑκ
762 1124 868 1208 ἔξιμεν
883 1127 978 1190 αὐτοὶ
994 1127 1085 1208 μέρει
1094 1142 1127 1189 44

107 1231 149 1313 γέ
169 1253 234 1294 τινι
251 1239 457 1313 στρατιωτῶν
473 1231 602 1294 οἰκείων
617 1239 691 1310 νῦν,
714 1230 742 1293 εί
765 1231 821 1293 καὶ
843 1229 887 1312 μή
909 1230 1087 1313 πρότερον,·

109 1333 174 1397 οὐκ
185 1332 240 1398 ἐπί
249 1333 309 1416 τήν
324 1332 453 1397 ἐκείνου
467 1335 676 1415 πλευσόμεθα
680 1357 694 1414 ,·
718 1343 795 1417 ,ποῖ
809 1333 850 1415 δή
866 1335 1085 1416 προσορμιοὺ·

109 1434 221 1520 μεθ’,·“
245 1438 342 1521 ήρετό
363 1459 420 1512 τις.
445 1437 576 1520 εὑρήσει
599 1437 639 1500 τά
663 1438 781 1520 σαθρά,
806 1432 832 1500 ό
855 1437 973 1519 ἀνδρες
995 1439 1086 1518 Ἀθη-

109 1551 212 1621 υαῖοι,
223 1550 290 1606 τῶν
300 1541 428 1606 ἐκείνου
443 1543 645 1624 πραγμάτων
661 1541 759 1617 αὐτὸς
770 1542 789 1604 ὑ
800 1542 950 1624 πόλεμος,
964 1541 1006 1604 ἂν
1018 1541 1084 1605 ἐπι-

109 1653 283 1731 χειρῶμεν·
308 1645 349 1708 ἀν
370 1646 481 1727 μέντοι
503 1647 672 1728 καθώμεθ’
696 1648 795 1724 οἴκοι,
824 1646 1087 1729 λοιδορουμένων

110 1749 289 1824 ἀκούοντες
320 1749 377 1812 καὶ
410 1749 612 1829 αἰτιωμένων
642 1748 800 1828 ἀλλήλους
827 1756 894 1810 τῶν
915 1750 1086 1829 λεγόντων,

111 1851 263 1916 οὐδέποτ’
277 1850 377 1914 οὐδέν
387 1851 466 1934 ήμῖν
477 1851 520 1933 μή
536 1853 670 1932 γένηται
686 1859 750 1913 τῶν
765 1851 916 1914 δεόντων.
942 1851 1017 1912 ὅποι
1029 1850 1130 1931 μὲνιο

110 1954 177 2038 γὰρ
189 1957 241 2033 όν,
264 1950 365 2035 οἶμαι,
390 1954 487 2037 μέρος
502 1977 533 2016 τι
555 1962 612 2038 τής
627 1953 751 2027 πόλεως
767 1955 1009 2035 συναποσταλῇ,
1025 1952 1088 2017 κᾶν

111 2057 158 2139 μή
181 2064 280 2136 πᾶσα,
303 2058 359 2120 καῖ
373 2056 410 2120 τό
424 2065 491 2120 τῶν
511 2062 601 2120 θεῶν
624 2056 755 2137 εὐμενὲς
776 2057 832 2119 καὶ
853 2057 890 2119 τὸ
912 2065 969 2138 τής
990 2057 1088 2139 τύχης

113 2161 382 2243 συναγωνίζεται·
418 2161 493 2225 ὅποι
520 2161 549 2223 δ’
573 2160 614 2223 ἀν
645 2161 825 2243 στρατηγὸν
852 2160 916 2223 καῖ’
936 2160 1089 2242 ψήφισμα

113 2264 213 2328 κενδν
233 2265 290 2327 καί
318 2264 375 2338 τὰς
397 2264 462 2327 ἀπδ
483 2273 542 2327 τοῦ
570 2264 715 2346 βήματος
737 2263 869 2339 ἐλπίδας
895 2262 1089 2345 ἐκπέμψητε,

112 2367 217 2431 οὐδὲν
237 2366 318 2449 ὑμῖν
340 2376 405 2442 τῶν
429 2367 572 2432 δεόντων
593 2368 748 2449 γίγνεται,
773 2367 838 2429 ἀλλ’
856 2366 888 2429 οἱ
909 2367 969 2448 μὲν
984 2366 1096 2448 ἐχθροὶ

113 2475 351 2553 καταγελῶσιν,
380 2471 412 2533 οἱ
442 2471 477 2533 δὲ
506 2472 672 2552 σύμμαχοι
695 2474 829 2533 τεθνᾶσι
856 2479 901 2553 τῷ
925 2470 991 2533 δέει
1013 2471 1091 2544 τοὺς

114 2576 286 2651 τοιούτους
302 2575 513 2651 ἀποστόλους.
537 2575 652 2658 οὐγὰρ
664 2575 737 2654 ἔστ’,
753 2574 815 2638 οὐκ
827 2574 914 2638 ἔστιν
925 2571 970 2637 ἕν’
984 2574 1089 2655 ἀνδρα
1099 2589 1132 2636 46

115 2679 308 2760 δυνηθήναί
327 2697 406 2742 ποτε
427 2681 524 2741 ταῦθ’
547 2677 627 2760 ὑμῖν
648 2676 768 2760 πρᾶξαι
790 2679 901 2756 πάνθ’,
931 2678 992 2739 ὅσα
1017 2677 1091 2758 βού-

115 2783 228 2844 λεσθε·
262 2781 466 2863 ὑποσχέσθαι
492 2782 604 2862 μέντοι
632 2781 687 2842 καί
715 2789 819 2863 φήσαι
846 2781 901 2842 καί
928 2780 987 2844 τόν
1009 2776 1087 2843 δεῖν’

117 2883 331 2948 αίτιάσασθαι
339 2885 394 2946 καί
404 2884 463 2947 τδν
475 2885 555 2948 δεῖν’
565 2884 640 2962 ἔστι,
650 2883 733 2945 τὰδὲ
742 2885 904 2966 πράγματ’
918 2881 954 2945 ἐκ
964 2883 1093 2946 τούτων

117 2987 299 3051 ἀπόλωλεν·
315 2986 652 3069 ὑτανγάρήγήταιμὲν
664 2985 682 3047 ό
693 2985 869 3067 στρατηγὸς
880 2984 1006 3048 ἀθλίων
1016 2984 1091 3048 ἀπο-

117 3094 247 3174 μίσθων
257 3090 368 3170 ξένων,
378 3090 451 3154 οἱδ
461 3090 544 3172 ὑπὲρ
553 3090 598 3153 ὠν
608 3089 649 3151 ἀν
659 3088 781 3164 ἐκεῖνος
792 3086 907 3171 πράξῃ,
917 3088 998 3171 πρὸς
1008 3087 1093 3169 ὑμᾶς

117 3195 316 3276 ψευδόμενοι
326 3194 449 3278 ῥᾳδίως
460 3193 573 3258 ἐνθάδ’
587 3190 678 3271 ὦσιν,
694 3193 786 3274 ὑμεῖς
800 3191 828 3254 δ’
842 3191 874 3269 ἐξ
886 3191 933 3255 ὧν
944 3191 986 3255 ἀν
997 3190 1092 3253 ἀκού·

119 3298 242 3380 σηθ),“,ὑ
257 3320 289 3362 τι
301 3298 343 3362 ἂν
359 3299 476 3380 τύχητε
487 3300 682 3380 ψηφίζησθε,
698 3299 730 3360 τί
743 3297 798 3359 καὶ
814 3296 872 3379 γρή
886 3294 1094 3377 προσδοκῶν,·

221 3404 299 3477 Πῶς
314 3398 377 3465 οὑν
391 3410 494 3463 ταῦτα
510 3402 688 3481 παύσεται,
711 3401 790 3464 ὅταν
804 3400 906 3481 ὑμεῖς,
930 3394 956 3460 ὦ
977 3399 1135 3481 ἀνδρεςιι

118 3507 298 3588 Ἀθηναῖοι,
332 3505 410 3578 τοὺς
444 3504 566 3578 αὐτοὺς
599 3500 787 3585 ἀποδείξητε
810 3502 1007 3584 στρατιώτας
1038 3501 1094 3562 καλ
