2484 3992
159 213 221 280 110
526 213 768 281 APPENDIX.

157 403 322 487 ὑμετέρων
346 404 533 486 συμμάχων,
566 404 607 467 τά
640 404 744 487 χωρία
776 406 919 467 ταῦθ’δι
947 413 1010 468 νῦν
1040 402 1141 481 οὗτος

153 508 300 592 διέσυρε,
329 507 366 571 τδ
390 508 533 591 Σέρριον
561 508 617 570 καί
638 505 676 571 τὸ
698 507 881 591 Μυρτηνὸν
910 509 966 571 καί
988 507 1048 589 τήν
1069 504 1139 590 Ἐρ·

156 613 287 694 γίσκην,
321 611 408 677 ούτω
437 613 595 692 γίγνοινθ
619 610 652 674 οἰ
675 612 783 695 ὅρκοι,
810 612 866 675 καί
894 610 937 694 μή
960 612 1140 695 προλαβὼν

156 717 279 791 ἐκεῖνος
299 715 378 791 τοὺς
400 715 589 800 ἐπικαίρους
603 725 670 780 τῶν
683 717 794 781 τόπων
808 717 921 800 κύριος
934 724 992 799 τής
1006 719 1141 802 Θρᾴκης

156 820 353 901 κατασταίη,
386 819 469 901 μηδὲ
497 822 627 883 πολλῶν
649 820 709 902 μὲν
730 821 920 904 χρημάτων,
947 822 1079 885 πολλῶν
1101 821 1139 884 δέ

158 931 365 1007 στρατιωτῶν
380 922 566 1006 εὐπορήσας
587 922 625 987 ἐκ
646 923 774 988 τούτων
788 923 912 1007 ῥᾳδίως
925 933 994 999 τοῖς
1008 926 1141 1000 λοιποῖς

157 1027 333 1111 ἐπιχειροίη
355 1027 553 1111 πράγμασιν.

126 1148 142 1196 4
251 1132 362 1193 Ταῦτα
388 1132 579 1213 γράψαντος
606 1130 688 1212 ἐμοῦ
716 1132 788 1195 τότε
817 1131 873 1194 καί
900 1130 938 1195 τὸ
971 1140 1010 1215 τή
1042 1133 1140 1195 πόλει

157 1233 336 1318 συμφέρον,
366 1232 407 1296 ού
428 1233 466 1297 τὸ
492 1235 643 1318 Φιλίππῳ
665 1236 847 1317 ζητοῦντος,
875 1235 980 1318 βραχὺ
1004 1237 1140 1318 φροντί·

156 1356 272 1413 σαντες
293 1337 325 1400 οἱ
346 1336 480 1421 χρηστοὶ
501 1337 651 1420 πρέσβεις
672 1335 781 1417 οὗτοι,
807 1341 944 1419 καθῆντ’
967 1336 1003 1401 ἐν
1024 1340 1140 1402 Μακε-

156 1442 252 1524 δονία
267 1449 352 1523 τρεῖς
368 1439 465 1515 ὅλους
475 1447 590 1521 μῆνας,
613 1439 675 1515 ἕως
684 1437 765 1522 ήλθε
780 1442 940 1516 Φίλιππος
955 1439 991 1505 ἐκ
1005 1444 1140 1527 Θρηίκης

156 1546 263 1609 πάντα
285 1546 607 1626 καταστρεψάμενος,
642 1543 715 1621 ἐξὸν
736 1543 868 1628 ήμερῶν
892 1545 986 1625 δέκα,
1016 1544 1141 1627 ὁμοίως

157 1650 193 1713 δέ
221 1657 322 1733 τριῶν
348 1647 368 1730 ή
399 1650 562 1731 τεττάρων
589 1649 637 1724 εἰς
660 1647 716 1711 τὸν
733 1646 974 1730 Ἑλλήσποντον
997 1650 1140 1734 άφῑχθαι

156 1753 209 1818 καὶ
246 1753 287 1815 τά
319 1752 423 1835 χωρία
457 1759 575 1832 σῶσαι,
609 1752 769 1833 λαβόντας
801 1753 879 1829 τοὺς
907 1753 1028 1837 ὅρκους
1056 1756 1139 1839 πρὶν

156 1856 283 1921 ἐκεῖνον
306 1853 422 1931 ἐξελεῖν
446 1855 546 1918 αὐτά·
579 1853 620 1918 ού
643 1854 707 1939 γάρ
731 1855 772 1920 ἂν
793 1855 891 1938 ἥψατ’
923 1858 1034 1920 αὐτῶν
1054 1878 1137 1941 παρ-

157 1962 261 2025 όντων
282 1958 390 2042 ήμῶν,
423 1958 444 2041 ή
471 1961 532 2023 οὐκ
555 1959 597 2023 ἂν
620 1956 801 2042 ὡρκίζομεν
824 1961 943 2040 αὐτόν,
971 1961 1052 2026 ὥστε
1081 1971 1139 2045 τής
1167 1946 1171 1953 ’

157 2064 288 2149 εἰρήνης
312 2063 353 2126 ἂν
375 2063 586 2148 διημαρτήκει
601 2064 658 2127 καί
673 2064 735 2128 οὐκ
751 2065 792 2127 άν
808 2062 960 2149 ἀμφότερ’
985 2061 1059 2147 εἰχε,
1082 2067 1140 2130 καί

127 2168 214 2250 στήν
236 2167 371 2253 εἰρήνην
393 2168 448 2230 καί
470 2169 511 2231 τὰ
533 2168 616 2252 χωρί
639 2216 646 2231 .
678 2166 789 2250 ἐπειδή
805 2170 921 2233 τοίνυν
936 2171 1063 2252 ὤμοσεν
1078 2169 1140 2253 τήν

156 2271 292 2354 εἰρήνην
314 2270 332 2334 ό
359 2274 521 2347 Φίλιππος
542 2271 718 2353 προλαβὼν
744 2271 805 2354 τήν
828 2275 962 2358 Θρηίκην
984 2273 1041 2336 διὰ
1063 2273 1137 2336 τού·

156 2397 234 2450 τους
246 2375 321 2458 οὐχὶ
330 2375 524 2451 πεισθέντας
539 2384 583 2460 τῷ
599 2374 665 2460 ἐμῷ
681 2377 875 2458 ψηφίσματι,
890 2377 990 2440 πάλιν
1006 2374 1138 2441 ὠνεῖται

158 2481 236 2562 παρ’
260 2480 371 2542 αὐτῶν
395 2480 483 2554 ὅπως
504 2477 548 2561 μή
572 2480 692 2560 ἄπιμεν
713 2477 749 2542 ἐκ
764 2479 988 2558 Μακεδονίας,
1011 2477 1073 2554 ἕως
1095 2480 1135 2542 τὰ

154 2590 210 2663 τής
234 2583 401 2666 στρατείας
414 2590 472 2663 τῆς
489 2579 542 2644 ἐπὶ
556 2582 634 2656 τοὺς
648 2582 783 2657 Φωκέας
798 2584 937 2666 εὐτρεπή
951 2582 1137 2664 ποιήσαιτο,

156 2684 211 2748 ἵνα
234 2684 294 2766 μή,
328 2684 417 2768 δεῦρ’
440 2683 708 2766 ἀπαγγειλάντων
734 2685 842 2766 ήμόιν,
877 2687 926 2750 ὅτι
952 2686 1060 2768 μέλλει
1082 2687 1138 2750 καί

156 2787 434 2871 παρασκευάζεται
454 2788 669 2871 πορεύεσθαι,
692 2786 850 2865 ἐξέλθοιθ’
873 2789 964 2872 ὑμεῖς
979 2790 1036 2853 καλ
1050 2811 1137 2875 περι-

154 2892 353 2966 πλεύσαντες
374 2900 445 2967 ταῖς
466 2890 633 2975 τριήρεσιν
654 2892 701 2967 εἰς
715 2893 830 2968 Πύλας
853 2894 962 2977 ὥσπερ
976 2895 1139 2977 πρότερον

155 2997 314 3059 κλείσαιτε
338 2994 396 3057 τὸν
417 2994 529 3073 τόπον,
553 2994 619 3057 ἀλλ’
637 2993 690 3076 ἅμ’
707 2996 859 3061 ἀκούοιτε
873 2999 964 3060 ταῦτ’
979 2996 1137 3080 άπαγγελ·

157 3099 282 3162 λόντων
304 3098 407 3180 ήμῶν,
431 3097 585 3173 κάκεῖνος·
610 3096 700 3173 ἐντὸς
727 3101 776 3180 εἰη
799 3103 922 3164 Πυλῶν
951 3100 1007 3163 καί
1034 3099 1139 3184 μηδὲν

128 3198 260 3285 οἰχοιθ
294 3200 388 3282 ὑμεῖς
416 3209 561 3282 ποιήσαι.
605 3201 693 3264 οὕτω
728 3203 757 3265 δ’
790 3199 834 3284 ήν
860 3203 879 3267 ό
908 3204 1069 3280 Φίλιππος
1103 3205 1138 3270 ἐν

157 3304 261 3387 φόβφ,
285 3302 327 3384 μή
351 3302 406 3365 καλ
421 3312 524 3366 ταῦτα
543 3306 780 3390 προειληφότος
803 3305 917 3386 αὐτοῦ,
939 3307 970 3370 εἰ
991 3306 1056 3391 πρδ
1077 3318 1137 3372 τοῦ

157 3406 236 3481 τοὺς
254 3405 391 3479 Φωκέας
407 3404 589 3470 άπολέσθαι
605 3410 809 3492 ψηφίσαισθε
828 3411 975 3493 βοηθεῖν,
999 3409 1138 3495 ἐκφύγοι

156 3506 197 3569 τά
219 3507 378 3589 πράγματ’
393 3507 504 3587 αὐτόν,
528 3509 609 3573 ὥστε
630 3513 809 3593 μισθοῦται
830 3514 889 3577 τὸν
910 3515 1137 3581 κατάπτυστον
