2484 3992
163 246 185 309 4
448 244 475 310 Ι.
498 246 855 309 ΔΗΜΟΣΘΕΝΟΤΣ

164 437 227 508 λως
249 434 334 517 ἔχειν
356 434 455 498 δοκεῖ.
494 433 512 497 ὃ
534 435 599 518 γάρ
620 433 689 498 ἐστι
710 434 872 517 χείριστον
894 436 1005 500 αὑτῶν
1026 434 1064 500 ἐκ
1085 447 1163 501 τοῦ

163 538 429 619 παρεληλυθότος
450 538 587 621 χρόνον,
610 547 707 601 τούτο
728 538 811 619 πρός
831 538 872 601 τὰ
894 539 1052 620 μέλλοντα
1074 541 1160 622 βέλ-

163 658 274 705 τιστον
306 641 453 725 ὑπάρχει.
498 643 532 704 τί
551 637 614 704 οὑν
643 640 711 705 ἐστι
738 650 855 723 τοῦτο,·
889 643 939 707 ότι
972 644 1085 723 οὐδέν,
1127 642 1161 708 ὦ

166 747 283 830 ἄνδρες
295 741 476 827 Ἀθηναῖοι,
492 754 560 809 τῶν
573 746 718 809 δεόντων
727 747 915 810 ποιούντων
929 746 1023 829 ὑμῶν
1037 757 1161 825 κακῶς

164 850 205 913 τδι
227 848 389 932 πράγματ’
407 845 482 931 ἔχει,
504 848 574 913 ἐπεὶ
597 852 630 913 εί
648 871 699 913 τοι
720 846 820 913 πάνθ’
839 851 860 912 ἃ
881 858 1025 934 προσῆκε
1047 871 1159 935 τρατ·

164 954 288 1016 τόντων
316 952 421 1027 οὑτως
443 947 542 1036 εἶχεν,
572 953 643 1017 οὐδ’
675 952 717 1017 ἂν
743 952 832 1029 ἐλπίς
852 949 895 1034 ην
923 952 1009 1016 αὐτὰ
1031 955 1158 1036 βελτίω

134 1056 327 1138 εγενόσθαι.
373 1056 468 1120 ἔπειτ’
497 1055 701 1138 ἐνθυμητέον
728 1057 784 1120 καῖ
810 1053 887 1139 παρ’
912 1059 1020 1121 ἄλλων
1047 1057 1157 1122 ἀκού-

165 1175 240 1222 ουσι
262 1158 406 1233 καὶτοῖς
428 1159 552 1222 εἰδόσιν
574 1158 686 1233 αὑτοῖς
708 1159 1056 1242 ἀναμιμνησκομένας,
1077 1160 1156 1243 ἡλί-

164 1286 227 1346 κην
258 1260 329 1328 ποτ’
368 1264 510 1346 ἐχόντων
542 1265 699 1346 δύναμιν,
719 1264 1005 1347 Λακεδαιμονίων,
1040 1264 1073 1342 ἐξ
1107 1265 1157 1330 οὖ

164 1369 282 1451 χρόνος
304 1368 345 1432 οὐ
367 1369 484 1449 πολύς,
515 1366 558 1443 ὡς
579 1369 686 1442 καλῶς
707 1368 764 1430 καὶ
790 1369 1020 1451 προσηκόντως
1046 1369 1156 1433 οὐδὲν

166 1467 300 1546 ἀνάξιον
321 1469 414 1552 ὑμεῖς
436 1468 592 1555 ἐπράξατε
614 1479 680 1553 τηςΙ
692 1472 832 1551 πόλεως,
862 1471 930 1534 ἀλλ’
952 1472 1153 1554 ὑπεμείναθ’

165 1572 249 1656 ὑπὲρ
270 1583 337 1637 τῶν
359 1573 497 1638 δικαίων
518 1573 577 1639 τδν
596 1573 679 1658 πρὸς
700 1574 847 1650 ἐκείνους
867 1575 1019 1657 πόλεμον.
1057 1576 1156 1653 τίνος

167 1673 228 1740 οὑν
243 1676 352 1741 εἵνεκα
366 1685 471 1741 ταῦτα
484 1678 567 1759 λέγω
572 1701 586 1758 ,·
608 1676 650 1740 ἵν’
666 1677 776 1758 εἰδῆτ’,
793 1674 819 1740 ὦ
836 1677 953 1760 ἄνδρες
965 1673 1154 1759 Ἀθηναῖοι,

166 1782 221 1845 καί
253 1783 438 1864 θεάσησθε,
473 1781 523 1844 ὅτι
550 1780 651 1844 ούδδν
679 1783 756 1844 οὔτε
783 1780 1041 1863 φυλαττομεθιοις
1066 1780 1154 1863 ὑμῖν

167 1884 255 1948 ἐστιν
277 1883 419 1968 φοβερὸν
449 1885 527 1962 οὔτ’,
552 1883 594 1946 ἂν
616 1883 802 1964 όλιγωρητε,
824 1891 986 1962 τοιοῦτον,
1008 1881 1082 1946 οἷον
1105 1882 1154 1947 ἂν

165 1988 258 2068 ὑμεῖς
271 1988 457 2069 βούλοισθε,
471 1986 715 2069 παραδείγμασι
729 1986 890 2067 χρώμενοι
909 1994 949 2069 τῇ
962 1986 1035 2049 τότε
1047 1984 1150 2069 βῶμη

165 2100 233 2155 τῶν
254 2091 538 2173 Λακεδαιμονίων,
566 2086 605 2171 ἧς
633 2088 795 2171 ἐκρατεῖτε
822 2088 859 2152 ἐκ
886 2097 946 2152 τοῦ
974 2089 1154 2172 προσέχειν

168 2205 236 2271 τοῖς
257 2197 446 2277 πράγμασιν
467 2195 526 2257 τὸν
553 2202 645 2272 νοῦν,
674 2194 731 2257 καί
751 2201 791 2277 τῇ
812 2202 877 2257 νῦν
897 2193 993 2277 ὕβρει
1014 2195 1150 2274 τούτου,

168 2301 209 2362 δι’
225 2301 268 2381 ἣν
281 2301 509 2384 ταραττόμεθα
530 2297 566 2362 ἐκ
580 2307 641 2362 τοῦ
655 2297 759 2380 μηδὲν
779 2297 962 2381 φροντίζειν
977 2296 1025 2360 ὧν
1039 2296 1150 2380 ἐχρῆν.

138 2405 196 2468 4εί
217 2404 255 2467 δέ
275 2426 324 2478 τις
345 2403 456 2486 ὑμῶν,
491 2398 658 2485 ὧόνδρες
675 2397 863 2483 Ἀθηναῖοι,
898 2400 1151 2483 δυσπολέμητον

168 2512 271 2573 οίεται
292 2507 351 2572 τὸν
368 2508 532 2571 Φίλιππον
553 2503 649 2578 εἶναι,
674 2512 806 2568 σκοπῶν
826 2505 865 2568 τό
885 2525 920 2567 τε
942 2506 1068 2586 πλῆθος
1089 2513 1149 2586 της

168 2612 379 2695 ὑπαρχούσης
409 2606 498 2694 αύτῷ
526 2609 699 2689 δυνάμεως
724 2607 780 2669 καί
802 2606 900 2670 τὸτὰ
927 2608 1031 2691 χωρία
1051 2608 1147 2671 πάντ’

170 2715 374 2779 ἀπολωλέναι
391 2701 435 2797 Ιτη
458 2713 565 2791 πόλει,
599 2710 710 2793 ὀρθῶς
731 2709 791 2791 μὲν
812 2713 929 2788 οἴεται,
958 2711 1148 2792 λογισάσθω

169 2820 281 2901 μέντοι
295 2820 400 2896 τοῦθ’,
425 2817 474 2879 ύιι
497 2815 625 2897 εἴχομέν
645 2817 722 2877 ποθ’
745 2814 846 2896 ἡμεῖς,
870 2809 896 2875 ὑ
918 2813 1036 2897 ἄνδρες
1054 2808 1147 2894 Ἀθη

169 2932 269 3001 ναῖοι,
303 2920 445 2983 Πύδναν
477 2920 533 2981 καῖ
568 2917 768 2980 Ποτείδαιαν
800 2918 856 2980 καῖ
889 2918 1060 2998 Μεθώνην
1092 2917 1149 2979 καλ

169 3027 277 3088 πάντα
304 3023 362 3087 τὸν
388 3022 491 3086 τόπον
512 3029 633 3084 τοῦτον
655 3020 778 3084 οἰκεῖον
805 3020 928 3103 κύκλῳ,
962 3019 1019 3082 καλ
1045 3021 1150 3082 πολλὰ

170 3137 237 3193 τῶν
267 3123 334 3209 μετ’
364 3125 491 3189 ἐκείνου
517 3132 581 3188 νύν
610 3125 716 3186 όντων
737 3121 846 3186 ἐθνῶν
879 3122 1150 3204 αὐτονομούμενα

169 3233 339 3314 κάλεύθερ’
372 3230 494 3314 ὑπῆρχε
528 3230 583 3293 καλ
615 3231 739 3310 μᾶλλον
771 3227 851 3311 ἡμῖν
887 3226 1026 3310 ἐβούλετ’
1065 3227 1149 3309 ἔχειν

140 3338 295 3411 οοίκείως
316 3334 336 3417 ἢ
358 3334 475 3419 ’κείνην
520 3334 548 3397 εί
569 3335 685 3397 τοίνυν
707 3331 726 3395 δ
750 3334 910 3406 Φίλιππος
932 3332 1004 3394 τότε
1025 3332 1149 3413 ταύτην

172 3443 242 3524 ἔσχε
269 3440 329 3522 την
350 3441 499 3522 γνώμην,
528 3437 572 3515 ὡς
592 3437 733 3520 χαλεπὸν
758 3439 911 3518 πολεμεῖν
939 3436 1028 3500 ἐστιν
1047 3432 1148 3518 Ἀθη-

172 3546 279 3620 ναίοις
301 3543 411 3625 ἔχουσι
433 3544 564 3606 τοσαῦτ’
586 3540 828 3622 ἐπιτειχίσματα
842 3546 899 3620 τῆς
915 3538 1019 3602 αὑτοῦ
1041 3540 1148 3622 χώρας
