2484 3992
16 2384 18 2481 ἰ

485 254 727 323 APPENDIX.
1023 258 1084 323 109

102 451 225 533 αράτης
247 446 482 532 όἎγνούσιος,
513 448 531 511 6
559 449 616 524 σὸς
638 449 774 533 Αἰσχίνη
803 449 960 525 ιιοινοινὸς
982 452 1043 534 οὐχ
1066 450 1084 514 6

102 553 189 636 ἐμός,
221 552 294 616 οὐδ’
317 553 359 618 ἂν
381 553 424 616 σὺ
448 553 629 639 διαρραγῇς
651 553 862 635 ψευδόμενος,
894 553 927 617 οἰ
949 553 986 616 δὲ
1009 570 1083 616 συν-

103 658 251 732 ειπόντες
269 657 348 720 ὅτου
371 656 490 738 δήποθ’
514 654 621 720 εἰνειια
644 693 687 701 -
709 655 753 720 ἰῶ
775 658 839 741 γὰρ
860 657 958 720 τοῦτό
980 678 1018 739 γε
1040 693 1082 703 -

102 762 276 843 Εὔβουλος
297 760 353 823 καί
374 762 597 844 Κηφισοφῶν·
620 758 684 842 ἐγὼ
707 761 735 823 δ’
758 759 857 824 οὐδὲν
879 759 1040 843 οὐδαμοῦ.

520 990 671 998 Μ

573 1211 609 1261 ΙΙ.

104 1332 362 1400 Atheniensium
384 1333 489 1422 legati
512 1336 548 1399 in
570 1333 806 1400 Macedoniam
829 1336 970 1421 profecti
995 1337 1081 1402 iure·

306 1437 449 1505 iurando
472 1437 663 1524 Philippum
686 1436 878 1522 adiguntff‘)

374 1568 482 1634 μινιιι.
501 1567 612 1632 ει-ιι,
629 1567 673 1632 ιι,
692 1569 814 1635 ει-οο.)

203 1738 334 1825 Ἐπειόή
356 1742 470 1806 τοίνυν
494 1739 669 1825 ἐποιήσατο
691 1741 752 1824 τήν
781 1742 915 1825 εἰρήνην
936 1742 960 1824 ή
979 1744 1081 1822 πόλις,

105 1845 166 1927 ἐγὼ
197 1844 258 1927 μὲν
285 1845 412 1929 ἔγραψα
433 1846 619 1928 βουλεύων,
655 1845 813 1908 ἀποπλεῖν
840 1845 900 1927 τήν
928 1846 1083 1928 ταχίστην

105 1949 181 2024 τοὺς
201 1949 350 2032 πρέσβεις
373 1947 425 2011 όπί
446 1949 525 2024 τοὺς
546 1950 669 2023 τόπους
690 1947 727 2012 ἐν
749 1946 798 2022 οἷς
821 1948 863 2010 ἂν
877 1950 956 2012 ὄντα
971 1950 1081 2011 Φίλιπ-

104 2074 167 2118 πον
199 2055 449 2133 πυνθάνωνται,
484 2053 538 2116 καί
568 2055 646 2128 τοὺς
675 2054 794 2137 ὅρκους
822 2052 1080 2136 ἀπολαμβάνειν·

105 2156 197 2223 οὗτοι
219 2158 247 2219 6’
272 2157 350 2220 οὐδὲ
365 2161 553 2242 γράψαντος
567 2157 650 2240 ἐμοῦ
666 2168 769 2221 ταῦτα
784 2167 892 2221 ποιεῖν
906 2157 1081 2240 ἠθέλησαν.

104 2264 135 2325 τί
155 2262 194 2325 δὲ
216 2266 302 2325 τοῦτ’
319 2262 465 2343 ήόόναύ,
489 2257 514 2324 ὦ
531 2261 649 2345 ἄνδρες
661 2256 849 2343 Ἀθηναῖοις
871 2260 934 2342 ἐγὼ
950 2259 1110 2336 διδάξειε

107 2368 256 2451 Φιλίππῳ
278 2365 339 2448 μὲν
361 2361 403 2446 ην
427 2366 597 2449 συμφέρον
620 2363 664 2440 ὡς
691 2366 842 2428 πλεῖστον
869 2364 928 2426 τὸν
960 2363 1080 2445 μεταξὺ

16 2508 17 2529 ι
105 2470 222 2553 χρόνον
253 2469 407 2551 γενέσθαι
432 2478 499 2533 τῶν
522 2468 644 2552 ὅρκιον,
672 2467 753 2549 ύμῖν
779 2467 807 2529 6’
839 2465 883 2542 ὡς
904 2465 1080 2549 ἐλάχιστον.

16 2686 18 2809 λ

16 2812 18 2881 λ

105 2571 160 2665 όιὰ
187 2571 235 2652 τί,·
269 2572 319 2635 ότι
348 2572 441 2654 ὑμεῖς
467 2573 528 2653 μὲν
558 2572 619 2634 οὐκ
650 2571 705 2654 ἀφ’
728 2568 768 2653 ής
790 2569 937 2652 ὠμόσαθ’
960 2569 1083 2654 ἡμέρας

106 2678 215 2758 μόνον,
230 2713 232 2719 s
245 2675 311 2738 ἀλλ’
337 2675 392 2759 ἀφ’
415 2673 454 2758 ής
475 2675 622 2757 ήλπίυαά
647 2675 782 2759 εἰρήνην
804 2674 947 2754 ἔσεσθαι,
975 2676 1083 2750 πάσας

106 2778 271 2857 ἐξελύσατε
286 2779 344 2855 τὰς
357 2780 568 2863 παρασκευὰς
582 2780 640 2853 τὰς
654 2783 714 2842 τού
730 2779 884 2860 πολέμου,
908 2778 926 2840 6
942 2777 979 2840 δὲ
994 2782 1080 2843 τοῦτ’

16 2886 18 2961 ξ
107 2881 276 2959 ἐκπαντὸς
290 2891 350 2946 τοῦ
366 2884 488 2965 χρόνον
503 2883 628 2965 μάλιστ’
646 2881 916 2965 ἐπραγματεύετο,
931 2883 1082 2961 νομίζων,

16 2980 17 2997 ’
108 2988 183 3069 ὅπερ
206 2983 249 3068 ήν
271 2986 406 3069 ἀληθές,
441 2987 502 3050 ὅσα
523 2993 580 3068 τής
606 2985 732 3059 πόλεως
753 2984 912 3067 προλάβοι
934 2982 998 3066 πρὸ
1020 2993 1079 3047 τοῦ

107 3090 180 3166 τοὺς
203 3090 322 3175 όριιους
344 3089 538 3168 άποόοῦναι,
568 3089 677 3151 πάντα
698 3097 803 3150 ταῦτα
824 3087 962 3168 βεβαίως
984 3084 1081 3162 ἕξειν·

108 3192 225 3259 οὐδένα
246 3193 312 3275 γὰρ
332 3192 392 3281 τήν
408 3193 539 3276 εἰρήνην
561 3193 674 3255 λύσειν
687 3191 816 3254 τούτων
830 3188 947 3251 εἵνεκα.
983 3191 1004 3252 ά
1019 3188 1082 3271 ἐγὼ
1095 3205 1110 3254 3

107 3297 348 3382 προορώμενος,
381 3298 500 3380 ἄνδρες,
520 3292 707 3378 Ἀθηναῖοι,
735 3294 791 3358 καὶ
819 3293 1023 3375 λογιζόμενος
1044 3292 1081 3355 τὸ

108 3401 255 3484 ψήφισμα
277 3410 374 3464 τοῦτο
395 3403 522 3485 γράφοι,
546 3398 586 3464 ἵν’
610 3399 751 3482 ἐχόντων
765 3406 831 3462 τῶν
845 3399 994 3481 Θρᾳκῶν,
1016 3405 1082 3465 τῶν

205 3568 231 3641 ι)
251 3560 435 3637 crrj'Argum.
454 3576 521 3623 orat.
539 3570 572 3622 v.
597 3604 603 3617 .
732 3586 736 3595 ι
763 3538 766 3547 ’
