2484 3992
166 270 209 334 80
427 272 504 337 VII.
527 275 889 339 ΔΗΜΟΣΘΕΝΟῬΣ

120 480 153 528 43
164 463 236 527 οὐδ’
254 463 361 548 ἀργῶς
374 468 479 530 ταῦτα
495 467 707 550 λογιζόμενος.
745 476 876 557 πρῶτον
897 468 957 550 μὲν
979 468 1021 550 δή
1044 468 1146 532 τουτο

164 569 223 647 δεῖ,
236 565 366 653 ’έχθρδν
387 567 600 652 ὑπειληφέναι
628 577 685 652 τής
706 572 867 647 πολιτείας
888 571 944 634 καί
965 580 1022 654 τῆς
1044 571 1145 654 δημο·

164 673 298 755 κρανίας
320 671 538 736 ἀδιάλλακτον
560 672 702 738 ἐκεῖνον·
725 674 754 737 εί
775 674 839 756 γάρ
862 674 905 756 μη
927 679 1026 739 τούτο
1049 692 1144 739 πεισ-

163 776 307 858 θήσεσθε
328 786 400 851 ταῖς
421 784 550 858 ψυχαῖς,
573 777 636 841 ούκ
657 776 825 859 ἐθελήσεθ’
848 777 931 862 ὑπὲρ
952 788 1019 844 τῶν
1040 801 1145 864 πραγ-

164 883 276 963 μάτων
304 880 515 958 σπουδάζειν·
550 881 706 961 δεύτερον
733 877 760 944 δ
785 881 906 946 εἰδέναι
936 891 1063 966 σαφῶς,
1094 883 1145 946 ὅτι

163 986 255 1049 πάνθ
286 984 347 1047 ὅσα
380 986 641 1066 πραγματεύεται
674 985 730 1048 καί
762 988 1034 1065 κατασκευάζεται
1067 991 1145 1067 νῦν,

164 1088 217 1151 ἐπὶ
238 1088 299 1171 τήν
319 1088 480 1171 ἡμετέραν
494 1090 900 1171 πόλινπαρασκευάζεται,
923 1091 979 1154 καί
995 1092 1082 1154 ὅπου
1095 1115 1147 1167 τις

120 1207 154 1254 44
164 1191 290 1255 ἐκεῖνον
312 1191 479 1274 ἀμύνεται,
508 1191 641 1256 ἐνταῦθ’
665 1192 748 1275 ὑπὲρ
770 1192 864 1274 ήμῶν
885 1193 1054 1275 ἀμύνεται.
1103 1196 1146 1258 οὐ

163 1295 227 1379 γάρ
249 1296 337 1359 οὕτω
358 1295 527 1377 γἐύήθης
542 1293 632 1359 ἐστὶν
653 1295 772 1375 οὐδείς,
796 1297 876 1358 ὥσθ’
899 1295 1148 1379 ὑπολαμβάνειν

162 1398 220 1461 τόν
244 1399 407 1462 Φίλιππον
432 1407 500 1461 τῶν
526 1397 587 1481 μέν
614 1397 651 1461 έν
675 1402 786 1483 Θρᾴκη
815 1409 927 1463 κακῶν
948 1400 994 1482 (τί
1013 1400 1081 1482 γάρ
1104 1396 1148 1465 ἀν

164 1504 241 1564 ἀλλο
257 1523 305 1576 τις
326 1503 412 1565 εῖποι
424 1504 610 1584 Λρογγίλού
625 1504 681 1565 καί
695 1504 853 1586 Καβύλην
874 1503 930 1566 καί
944 1506 1146 1587 Μάστειραν

163 1605 219 1667 καί
242 1607 263 1667 ά
285 1609 350 1668 νύν
371 1604 521 1688 έξαιρεῖς)
548 1608 676 1670 τούτων
697 1607 758 1689 μὲν
779 1607 954 1689 ἐπιθυμεῖν
979 1608 1037 1671 καί
1059 1609 1145 1693 ὑπὲρ

162 1713 223 1774 τού
245 1713 352 1774 ταῦτα
373 1711 484 1791 λαβεῖν
506 1710 561 1773 καὶ
582 1711 706 1785 πόνους
728 1711 784 1773 καλ
804 1720 964 1794 χειμῶνος
985 1713 1042 1774 καί
1064 1715 1146 1789 τοὺς

117 1830 151 1878 45
162 1813 318 1896 ἐσχάτους
353 1813 531 1889 κινδύνους
563 1813 756 1896 ὑπομένειν,
788 1824 855 1878 τῶν
888 1815 923 1876 δ’
955 1810 1146 1897 Ἀθηναίων

162 1918 303 2000 λιμένων
324 1918 380 1981 καὶ
401 1919 550 2001 νεωρίων
570 1919 627 1981 καί
641 1918 783 2000 τριήρων
797 1920 933 1983 καὶτῶν
949 1919 1055 2003 ἔργων
1077 1930 1144 1985 τῶν

165 2023 349 2105 ἀργυρείων
376 2022 432 2085 καὶ
453 2022 622 2085 τοσούτων
654 2024 829 2106 προσόδων
862 2022 923 2086 οὐκ
955 2022 1142 2106 ἐπιθυμεῖν,

164 2126 245 2189 ἀλλὰ
268 2129 372 2189 ταῦτα
394 2125 455 2207 μὲν
477 2124 563 2206 ὑμᾶς
585 2124 695 2189 ἐάσειν
709 2125 803 2208 ἔχειν,
826 2125 909 2209 ὑπὲρ
924 2126 962 2191 δὲ
975 2135 1044 2190 τῶν
1058 2130 1141 2209 μελι-

162 2239 231 2294 νῶν
253 2230 308 2293 καί
329 2237 397 2292 τῶν
420 2227 551 2312 ὀλυρῶν
569 2236 637 2292 τῶν
658 2228 696 2292 έν
716 2238 784 2303 τοῖς
802 2230 957 2313 Θρᾳκίοις
980 2241 1086 2310 σιροῖς
1107 2232 1142 2295 ἐν

163 2341 207 2417 τῷ
229 2333 390 2417 βαράθρῳ
411 2333 581 2414 χειμάζειν.
606 2333 668 2411 οὐκ
690 2331 757 2395 ἐστι
778 2335 892 2412 ταῦτα,
916 2331 997 2395 ἀλλὰ
1018 2334 1139 2397 κάκεῖν’

162 2436 245 2519 ὑπὲρ
267 2439 327 2500 τού
350 2437 477 2499 τούτων
503 2435 659 2518 γενέσθαι
687 2436 801 2515 κύριος
827 2436 883 2498 καί
905 2437 1005 2499 τάλλα
1033 2439 1140 2500 πάντα

119 2556 153 2604 46
163 2541 436 2625 πραγματεύεται.
479 2540 514 2604 τί
538 2535 600 2604 οὖν
633 2535 671 2603 εύ
704 2541 920 2622 φρονούντων
953 2539 1138 2622 ἀνθρώπων

162 2645 266 2725 ε’στίνς
298 2644 426 2718 εἰδότας
453 2647 557 2708 ταῦτα
584 2643 640 2706 καὶ
667 2643 850 2726 ἐγνωκότας
876 2642 937 2725 τήν
964 2642 1025 2724 μὲν
1047 2645 1138 2729 ύπερ

162 2750 349 2830 βάλλουσαν
381 2748 437 2810 καὶ
471 2746 664 2811 ἀνείκαστον
695 2747 819 2829 ταύτην
852 2746 1024 2832 ῥᾳθυμίαν
1062 2748 1136 2811 ἀπο-

160 2852 298 2931 θέσθαι,
331 2851 481 2935 χρήματα
508 2852 536 2914 δ’
565 2851 729 2936 εἰσφέρειν
761 2852 817 2914 καί
844 2852 922 2926 τοὺς
950 2853 1138 2934 συμμάχους

163 2956 287 3035 ἀξιοῦν,
310 2957 366 3019 καὶ
389 2958 476 3030 ὅπως
496 2956 534 3020 τὸ
551 2954 747 3038 συνεστηκὸς
759 2959 857 3019 τοῦτο
875 2964 1034 3037 συμμενεῖ
1047 2958 1136 3038 στρά-

162 3064 251 3143 τευμ’
282 3060 366 3143 όράν
398 3060 454 3123 καί
481 3061 645 3141 πράττειν,
668 3059 709 3121 ἵν’
734 3060 842 3142 ῶσπερ
863 3057 987 3133 ἐκεῖνος
1009 3056 1137 3142 ἕτοιμον

163 3166 226 3248 έχει
248 3164 392 3247 δύναμιν
411 3163 472 3245 τὴν
492 3163 718 3245 ἀδικήσουσαν
732 3163 787 3226 καὶ
802 3162 1137 3246 καταδουλωσομένην

164 3267 310 3344 ἅπαντας
331 3269 408 3342 τοὺς
435 3267 607 3349 Ἕλληνας,
644 3266 731 3330 οὕτω
757 3265 818 3347 τήν
846 3266 1021 3329 σώσουσαν
1050 3266 1137 3349 ὑμεῖς

119 3373 218 3437 ιικαὶ
251 3371 486 3453 βοηθήσουσαν
519 3370 644 3434 άπασιν
677 3368 807 3451 ἕτοιμον
843 3369 943 3452 ἔχητε.
999 3371 1042 3434 ού
1078 3372 1135 3453 γὰρ

163 3476 230 3541 ἔστι
257 3474 426 3557 βοηθείαις
454 3473 641 3558 χρωμένους
662 3473 813 3538 οὐδέποτ’
842 3472 942 3537 οὐδὲν
964 3481 1031 3537 τῶν
1053 3474 1135 3537 δεόν·

161 3601 228 3642 των
249 3575 378 3663 πρᾶξαι,
402 3576 482 3639 ἀλλὰ
504 3578 811 3653 κατασκευάσαντας
833 3578 884 3641 δεῖ
907 3578 1062 3660 δύναμιν,
1085 3577 1134 3641 καί
