2484 3992
173 239 234 307 108
529 243 771 310 APPENDIX.

161 432 379 507 Φίλιππος-
398 431 440 496 ού
462 432 526 517 γὰρ
548 428 591 515 ήν
618 433 730 516 άφανή
749 468 784 477 -
803 442 872 509 τοῖς
893 430 966 515 παρ’
993 431 1146 509 ἑκάστοις

157 534 335 619 προδόταις
355 535 491 621 χρήματ’
514 535 700 602 ἀναλίσκων
721 538 846 611 πάντας
869 536 1071 620 συνέκρουον
1086 536 1144 599 καί

157 638 238 722 πρός
259 636 399 715 ἑαυτοὺς
420 637 608 723 ἐτάραττεν·
633 635 688 704 εἰτ’
710 639 747 704 ἐν
769 638 819 717 οἷς
839 639 1033 724 ἡμάρτανον
1048 639 1143 702 ἄλλοι

158 742 214 805 καί
235 750 344 818 κακῶς
365 740 542 826 ἐφρόνουν,
566 742 666 819 αύτδς
687 745 945 827 παρεσκευάζετο
972 742 1029 806 καί
1058 744 1143 807 κατὰ

158 846 292 910 πάντων
313 845 443 928 ἐφύετο.
468 844 511 922 ὡς
533 846 569 910 δὲ
587 849 892 931 ταλαιπωρούμενοι
906 856 951 931 τῷ
966 845 1064 928 μήκει
1078 855 1142 910 τοῦ

157 949 302 1031 πολέμου
324 949 356 1012 οἰ
377 949 449 1013 τότε
472 950 533 1032 μὲν
553 951 680 1035 βαρεῖς,
709 959 772 1014 νῦν
794 951 824 1013 δ’
848 953 975 1033 ἀτυχεῖς
1000 951 1143 1032 Θηβαῖοι

160 1053 299 1137 φανεροὶ
321 1061 423 1118 πᾶσιν
443 1050 529 1135 ήσαν
558 1054 892 1137 ἀναγκασθησόμενοι
919 1055 1145 1136 καταφεύγειν

157 1153 209 1238 ἐφ’
224 1155 321 1238 ὑμεῖς,
344 1155 363 1219 6
380 1158 551 1237 Φίλιππος,
574 1156 630 1222 ἵνα
644 1157 688 1241 μή
703 1166 803 1221 τοῦτο
817 1157 946 1240 γένοιτο
961 1157 1045 1240 μηδὲ
1060 1172 1141 1220 συν-

158 1260 288 1325 έλθοιεν
312 1261 346 1324 αἱ
368 1263 486 1342 πόλεις,
509 1260 590 1345 ύμῖν
604 1260 666 1345 μέν
687 1262 831 1347 εἰρήνην,
854 1262 991 1337 ἐκείνοις
1014 1260 1051 1325 δέ
1067 1263 1142 1344 βοή-

119 1369 245 1429 3θειαν
267 1363 488 1448 ἐπηγγείλατο.
532 1368 565 1430 τί
591 1360 655 1431 οὖν
683 1369 922 1449 συνηγωνίσατ’
946 1366 1035 1451 αὐτῷ
1058 1367 1142 1451 πρὸς

156 1469 194 1532 τὸ
216 1470 328 1551 λαβεῖν
343 1469 456 1552 ὀλίγον
471 1472 546 1535 δεῖν
559 1471 646 1555 ὑμᾶς
661 1470 796 1548 ἑκόντας
809 1470 1081 1553 ἐξαπατωμένους
1084 1494 1099 1552 ,·
1119 1470 1139 1552 ή

156 1578 223 1634 τῶν
251 1574 358 1637 ἄλλων
379 1568 558 1655 Ἑλλήνων,
588 1578 651 1638 είτε
679 1574 739 1659 χρή
767 1575 887 1638 κακίαν
915 1576 971 1638 εἰτ’
1001 1577 1141 1656 ἄγνοιαν

160 1677 223 1739 είτε
245 1678 301 1741 καί
316 1676 486 1762 ἀμφότερα
500 1677 589 1744 ταῦτ’
607 1680 721 1760 εἰπεῖν,
744 1681 779 1744 οἰ
791 1681 935 1762 πόλεμον
949 1687 1070 1761 συνεχή
1086 1678 1140 1741 καί

158 1781 285 1865 μακρὸν
301 1784 535 1866 πολεμούντων
550 1783 656 1867 ὑμῶν,
678 1784 733 1848 καί
748 1793 867 1849 τοῦτον
880 1782 965 1865 ὑπὲρ
980 1791 1049 1847 τῶν
1060 1790 1139 1846 πάσι

159 1887 408 1970 συμφερόντων,
437 1886 482 1964 ὡς
503 1887 588 1974 ἐργφ
610 1889 756 1973 φανερόν
786 1889 939 1971 γέγονεν,
965 1889 1043 1951 οὔτε
1065 1887 1139 1971 χρή·

158 2004 260 2070 μασιν
288 1991 364 2055 οὔτε
388 1991 538 2073 σώμασιν
559 1994 628 2056 οὔτ
653 1996 738 2078 ἄλλοι
761 1992 874 2058 ούδενί
894 2000 961 2056 τῶν
983 1990 1140 2055 ἁπάντων

159 2093 406 2175 συνελάμβανον
421 2094 517 2177 ὑμῖν·
541 2094 590 2170 οἷς
611 2096 668 2159 καί
689 2097 823 2171 δικαίως
837 2096 893 2159 καί
907 2095 1141 2179 προσηκόντως

159 2194 360 2280 ὀργιζόμενοι
391 2197 526 2282 ἑτοίμως
547 2199 758 2282 ὑπηκούσατε
779 2209 824 2287 τῷ
848 2201 1008 2284 Φιλίππῳ.
1043 2198 1141 2281 ήμέν

159 2298 221 2365 οὖν
242 2304 315 2367 τότε
338 2307 576 2389 συγχωρηθεῖο’
604 2304 716 2390 εἰρήνη
740 2305 797 2369 διὰ
819 2308 921 2385 ταῦτ,
950 2304 990 2368 ού
1014 2305 1058 2385 δι’
1083 2304 1140 2387 ἔμ’,

159 2403 203 2480 ὡς
225 2403 357 2487 οὗτοςί)
383 2408 566 2488 διέβαλλεν,
595 2406 757 2493 ἐπράχθη·
792 2409 832 2473 τά
864 2409 901 2472 δὲ
923 2407 1051 2470 τούτων
1075 2407 1141 2470 άδι·

158 2509 287 2591 κήματα
309 2512 364 2573 καί
381 2510 627 2595 δωροδοκήματ’
643 2510 679 2575 ἐν
695 2510 777 2595 αὐτῇ
793 2520 859 2575 τοῖν
873 2512 951 2575 υυυί
964 2509 1141 2593 παρόντων

120 2616 362 2696 απραγμάτωυ,
386 2617 428 2678 άν
442 2637 491 2690 τις
505 2612 632 2699 ἐξετάζη
650 2616 795 2695 δικαίως,
820 2618 894 2679 αἴτι’
918 2612 1061 2697 εὑρήσει.
1087 2615 1140 2677 καί

157 2718 252 2779 ταυτὶ
280 2717 379 2779 πάνθ’
403 2716 487 2801 ὑπὲρ
509 2725 566 2800 τής
596 2717 752 2801 ἀληθείας
781 2717 1057 2800 ἀκριβολογοῦμαι
1086 2717 1140 2780 καί

158 2816 370 2902 διεξέρχομαι.
406 2820 436 2883 εἰ
456 2821 521 2903 γάρ
537 2815 625 2884 εἰναί
638 2843 668 2884 τι
684 2821 798 2902 δοκοίη
814 2821 854 2883 τδι
869 2822 996 2902 μάλιστ’
1014 2817 1051 2883 ἐν
1064 2822 1138 2883 τού-

157 2944 226 2997 τοις
248 2923 401 3006 άδίκημα,
425 2922 525 2986 οὐδέν
547 2922 614 2987 ἐστι
637 2924 746 3006 δήπου
767 2923 849 3006 πρὸς
864 2922 930 3004 ἐμέ,
954 2918 1020 2983 ἀλλ’
1046 2921 1140 3004 ὁμὲν

157 3035 284 3111 πρῶτος
306 3025 408 3092 εἰπὼν
430 3028 484 3090 καί
500 3029 657 3110 μνησθείς
672 3028 756 3113 ὑπὲρ
770 3036 827 3111 τής
849 3027 979 3111 εἰρήνης
998 3022 1139 3109 Ἀριστό·

159 3131 262 3212 δημος
283 3126 326 3211 ήν
349 3130 367 3193 6
390 3131 577 3215 ὑποκριτής,
606 3131 625 3194 6
648 3133 676 3195 δ’
700 3130 911 3216 ἐκδεξάμενος
932 3130 988 3193 καί
1010 3132 1140 3213 γράψας

157 3233 214 3293 καί
243 3232 363 3296 ἑαυτὸν
391 3234 470 3315 μετὰ
498 3236 617 3297 τούτου
648 3241 816 3317 μισθώσας
837 3235 891 3299 ἐπί
912 3241 1016 3296 ταῦτα
1043 3236 1137 3297 Φιλο·

244 3448 271 3513 ἰ)
286 3449 350 3501 Seil.
362 3449 526 3516 Δεεοίιίηεες
540 3454 605 3503 item
613 3453 729 3519 τούτων,
742 3456 814 3521 quod
824 3457 952 3521 sequitur,
963 3456 980 3509 ἰ.
991 3458 1133 3508 meschi-

158 3537 203 3584 τῖε
222 3537 335 3599 eiusque
354 3535 497 3586 sociorum.
