2484 3992
422 221 725 284 ΟΛῬΝΘΙΑΚΟΣ
744 223 784 282 Α.
1027 220 1068 282 27

68 416 151 471 νῦν
174 411 291 471 ἄνοιαν
305 407 514 490 ὀφλισκάνων
530 408 617 489 ὅμως
632 407 766 486 ἐκλαλεῖ,
789 416 893 470 ταῦτα
912 409 1069 489 δυνηθεὶς

70 510 127 593 μὴ
147 506 270 593 πράξει.
294 510 374 573 άλλα
389 512 455 592 μην
469 510 564 592 ἡλίκα
579 511 609 592 γ’
627 510 715 574 ἐστὶν
736 513 777 575 τὰ
799 512 931 594 διάφορ’
954 509 1066 575 ἐνθάδ’
1078 529 1110 575 ει

69 613 96 695 ἢ
127 616 194 676 ’κεῖ
212 615 373 695 πολεμεῖν,
397 613 477 676 οὐδὲ
491 614 592 696 λόγου
606 614 763 692 προσδεῖν
777 614 931 696 ἡγοῦμαι.
962 615 992 677 εί
1006 616 1069 696 γὰρ

71 717 175 799 ὑμαῖς
196 716 343 797 δεήσειεν
365 716 486 792 αὐτοὺς
506 719 676 799 τριάκονθ’
691 718 814 799 ἡμέρας
828 719 931 799 μόνας
945 716 1007 794 ἐξω
1021 740 1068 799 γε·

75 822 216 900 νέσθαι,
238 821 295 884 καί
318 822 364 884 ὄσ
382 821 508 903 ἀνάγκη
527 822 736 908 στρατοπέδω
750 823 939 903 χρωμένους
952 830 1019 885 τῶν
1034 821 1069 885 ἐκ

74 932 145 1007 τῆς
167 925 274 1006 χώρας
287 925 474 1006 λαμβάνειν,
499 924 639 1006 μηδενὸς
654 927 748 1000 ὄντος
762 923 798 988 ἐν
815 923 899 1007 αὐτῇ
913 927 1070 1006 πολεμίου

75 1028 182 1109 λέγω,
203 1028 324 1092 πλείον’
349 1027 390 1091 ἂν
412 1024 503 1109 οίμαι
526 1030 729 1110 ζημιωθῆναι
750 1028 828 1103 τοὺς
844 1038 1071 1110 γεωργοῦντας

78 1130 241 1213 ὑμῶν,’ἢ
271 1131 320 1194 ὅσ’
344 1132 390 1207 είς
412 1130 541 1194 ἅπαντα
562 1131 621 1194 τὸν
642 1132 706 1213 πρὸ
733 1140 794 1194 τοῦ
815 1133 956 1213 πόλεμον
979 1131 1070 1195 δεδα-

77 1236 250 1316 πάνησθε.
284 1234 312 1297 εί
328 1234 365 1297 δέ
380 1233 421 1314 δὴ
436 1234 576 1315 πόλεμός
587 1255 635 1308 τις
650 1233 726 1315 ἣξει,
749 1235 837 1298 πόσα
855 1234 914 1318 χρὴ
938 1236 1071 1316 νομίσαι

78 1338 307 1419 ζημιώσεσθαι
311 1361 324 1418 ,·
338 1337 394 1400 καλ
404 1337 558 1420 πρόσεσθ’
574 1336 594 1418 ἡ
612 1337 707 1418 ὕβρις
721 1338 776 1400 καὶ
791 1334 839 1400 ἔθ’
853 1336 872 1419 η
889 1347 956 1401 τῶν
968 1357 1070 1421 πραγ-

79 1443 202 1523 μάτων
238 1442 392 1524 αἰσχύνη,
430 1440 585 1523 οὐδεμιᾶς
618 1438 759 1505 ἐλάττων
792 1443 904 1523 ζημίας
935 1452 1004 1518 τοῖς
1035 1464 1071 1525 γε

82 1549 268 1628 σώφροσιν.

196 1650 311 1712 Πάντα
322 1647 362 1729 δὴ
378 1658 483 1711 ταῦτα
498 1648 551 1711 δεῖ
557 1648 761 1723 συνιδόντας
776 1648 921 1723 ἅπαντας
936 1650 1071 1731 βοηθεῖν
1079 1663 1113 1712 28

78 1753 146 1821 ,καὶ
170 1752 316 1815 άπωθεῖν
338 1751 441 1815 ἐκεῖσε
463 1753 522 1815 τὸν
542 1752 695 1834 πόλεμον,
724 1753 801 1826 τοὺς
816 1752 876 1833 μὲν
897 1751 1071 1835 εὐπόρους,

76 1854 128 1918 ῖά
148 1856 233 1936 ὑπὲρ
246 1864 313 1920 τῶν
326 1858 453 1919 πολλῶν
468 1855 516 1919 ὧν
529 1858 635 1931 καλῶς
649 1864 820 1929 ποιοῦντες
842 1855 964 1937 ἔχουσι,
986 1857 1072 1935 μίκρ’

86 1958 322 2033 ἀναλίσκοντες
342 1960 383 2021 τὰ
405 1958 502 2022 λοιπὰ
531 1967 720 2040 καρπῶνται
743 1958 855 2037 άθεῶς,
884 1959 962 2033 τοὺς
983 1955 1011 2020 δ’
1036 1957 1072 2020 ἐν

87 2061 211 2144 ἡλικίᾳ,
228 2060 283 2124 ἵνα
297 2061 357 2142 τὴν
371 2070 431 2125 τοῦ
446 2064 599 2142 πολεμεῖν
614 2060 784 2144 ἐμπειρίαν
799 2060 836 2125 ἐν
850 2069 889 2143 τῇ
907 2063 1073 2124 Φιλίππου

88 2167 183 2248 χώρᾳ
198 2167 393 2246 κτησάμενοι
409 2165 544 2249 φοβεροί
559 2166 703 2247 φύλακες
714 2173 770 2247 τῆς
781 2165 901 2239 οἰκείας
916 2164 1072 2247 άκεραίου

87 2269 261 2350 γένωνται,
276 2269 354 2343 τοὺς
365 2268 401 2331 δὲ
412 2269 576 2349 λέγοντας,
593 2265 633 2331 ἵν’
649 2268 683 2330 αἱ
705 2276 771 2330 τῶν
792 2268 1074 2348 πεπολιτευμένων

88 2372 206 2445 αὐτοῖς
221 2373 363 2434 εὔθυναι
378 2369 491 2455 ῥᾴδιαι
505 2370 675 2450 γένωνται,
693 2368 736 2444 ὡς
751 2369 836 2432 ὁποῖ’
850 2373 916 2432 ἄττ’
933 2370 974 2432 ἂν
989 2370 1074 2451 ὑμᾶς

87 2483 225 2559 περιστῇ
241 2476 280 2538 τὰ
295 2477 478 2559 πράγματα,
497 2484 642 2539 τοιοῦτοι
657 2476 765 2557 κριταὶ
779 2476 834 2537 καί
849 2483 915 2537 τῶν
929 2494 1071 2558 πεπραγ-

91 2580 203 2662 μένων
225 2577 336 2654 αὐτοῖς
358 2578 483 2643 ἔσεσθε.
515 2579 637 2662 χρηστὰ
656 2580 684 2642 θ’
701 2583 750 2663 εἰη
764 2579 885 2654 παντὸς
900 2578 1016 2642 εἵνεκα.
