2484 3992
169 210 189 274 8
447 210 473 274 Ι.
499 211 856 273 ΔΗΜΟΣΘΕΝΟῬΣ

172 399 332 481 ποιήσαιτ’
357 398 399 463 άν
419 408 526 478 τοῦτο,
551 397 594 475 ὡς
616 400 718 482 έγωγέ
733 422 817 483 φημι
839 401 919 480 δεῖν,
943 400 1169 486 εὐκαταφρό-

160 524 261 584 νητον
277 503 380 567 ἔσται·
402 499 441 567 ἵν’
458 503 479 584 ῇ
495 503 552 567 διὰ
567 502 625 566 τὸν
640 504 756 585 φόβον,
773 503 868 578 είδὼς
882 503 1049 587 εὐτρεπεῖς
1065 505 1171 586 ὑμεῖς

167 642 211 652 -—
234 610 353 671 εἴσεται
385 608 449 689 γὰρ
478 606 633 689 ἀκριβῶς·
668 607 734 670 είσί
764 610 838 693 γάρ,
872 608 956 672 είσλν
989 606 1022 671 ολ
1055 611 1167 674 πάντ)

167 709 411 794 ἐξαγγέλλοντες
433 710 545 796 έκείνφ
573 713 650 793 παρ’
672 710 766 792 ἡμῶν
794 712 905 775 αὐτῶν
926 712 1061 787 πλείους
1090 722 1166 775 τοῦ

170 814 367 889 δέοντος-
389 812 528 896 ἡσυχίαν
555 813 620 897 έχῇ,
647 813 833 896 ῇπαριδὼν
847 817 938 878 ταῦτ’
964 813 1165 897 ἀφύλακτος
1233 874 1234 881 ,

169 919 291 1000 ληφθῇ,
313 917 453 999 μηδενὸς
474 917 569 990 ὄντος
590 915 744 998 ἐμποδὼν
764 918 856 979 πλεῖν
877 914 931 980 έπλ
945 915 1006 997 τὴν
1021 914 1159 980 ἐκείνου
1233 926 1234 929 ’

128 1034 159 1082 19
169 1020 280 1102 χώραν
302 1017 390 1100 ύμῖν,
420 1018 462 1081 ἂν
483 1017 568 1102 ἐνδῷ
596 1020 722 1102 καιρόν.
766 1028 869 1083 ταῦτα
903 1022 963 1102 μέν
995 1019 1097 1100 έστιν,
1135 1023 1160 1082 οἳ

169 1129 270 1185 πᾶσιν
300 1122 457 1204 δεδόχθαι
483 1122 567 1203 φημὶ
589 1122 660 1186 δεῖν
681 1123 737 1186 καὶ
763 1125 1031 1205 παρεσκευάσθαι
1053 1140 1159 1206 προσ

170 1224 263 1305 ήκειν
277 1227 403 1306 οἴομαι·
426 1223 490 1307 πρὸ
512 1225 549 1287 δὲ
571 1226 700 1288 τούτων
722 1226 866 1308 δύναμίν
888 1230 959 1307 τιν’,
984 1223 1010 1289 ὦ
1033 1227 1160 1309 ἄνδρες

168 1324 349 1410 Ἀθηναῖοι,
373 1327 457 1411 φημί
478 1329 750 1410 προχειρίσασθαι
764 1330 836 1393 δεῖν
851 1330 946 1411 ύμάς,
968 1331 989 1412 ἣ
1006 1341 1160 1413 συνεχῶς

134 1507 138 1516 Ι
170 1431 345 1513 πολεμήσει
368 1431 424 1493 καί
445 1439 552 1505 κακῶς
574 1430 701 1495 ἐκεῖνον
720 1433 857 1514 ποιήσει.
880 1433 924 1515 μή
940 1455 996 1515 μοι
1011 1437 1159 1516 μυρίους
1233 1480 1234 1483 ,

162 1533 246 1616 μηδὲ
279 1533 475 1615 δισμυρίους
508 1531 637 1613 ξένους,
671 1534 753 1616 μηδὲ
791 1536 850 1611 τδις
888 1535 1158 1619 έπιστολιμαίους
1233 1524 1234 1529 ¹

170 1638 291 1712 ταύτας
308 1637 476 1717 δυνάμεις,
500 1633 565 1699 ἀλλ’
589 1638 610 1717 ἢ
633 1645 690 1718 τῇς
711 1640 835 1714 πόλεως
850 1640 950 1720 ἔσται,
972 1640 1036 1704 κάν
1057 1641 1157 1722 ὑμεῖς
1233 1650 1234 1693 ί

171 1738 231 1803 ἕνα
252 1740 315 1803 κάν
336 1742 468 1815 πλείους
481 1741 545 1804 κάν
566 1740 625 1804 τὸν
646 1742 740 1805 δεῖνα
760 1741 824 1806 κάν
839 1742 993 1806 ὁντινοῦν
1014 1764 1157 1827 χειροτο·

124 1842 286 1926 ιονῇσητε
303 1845 494 1926 στρατηγόν,
517 1844 625 1927 τούτῳ
647 1846 791 1908 πείσεται
813 1846 1064 1928 κάκολουθῇσει.
1092 1846 1154 1910 καλ
1233 1850 1234 1855 ’

174 1947 301 2031 τροφὴν
323 1950 428 2031 ταύτῇ
450 1948 584 2029 πορίσαι
607 1948 737 2011 κελεύω.
782 1948 873 2012 ἔσται
902 1948 930 2010 δ’
954 1949 1038 2030 αὕτη
1060 1949 1109 2024 τίς
1133 1948 1156 2030 ἡ

174 2051 315 2132 δύναμις
342 2051 397 2112 καλ
425 2051 526 2130 πόση,
555 2050 610 2112 καί
637 2051 742 2114 πάθεν
764 2051 825 2133 τὴν
846 2051 973 2135 τροφῇν
995 2050 1068 2130 ἕξει,
1096 2052 1157 2114 καί
1233 2044 1234 2053 ³

172 2161 242 2227 πῶς
263 2154 352 2215 ταῦτ’
377 2152 524 2233 ἐθελήσει
546 2161 670 2234 ποιεῖν,·
692 2153 756 2235 έχὼ
773 2156 900 2239 φράσω,
923 2152 997 2218 καθ’
1016 2153 1157 2218 ἕκαστον

168 2259 295 2323 τούτων
316 2256 445 2334 διεξιὼν
466 2257 572 2339 χωρίς.
596 2254 710 2333 ξένους
732 2258 792 2339 μὲν
813 2258 896 2339 λέγω
917 2293 961 2304 -
983 2258 1039 2321 καὶ
1062 2258 1152 2331 ὅπως

173 2362 217 2444 μὴ
239 2362 389 2444 ποιήσεθ
412 2362 430 2424 ὃ
453 2363 608 2436 πολλάκις
629 2361 716 2443 ὑμεῖς
738 2362 891 2443 ἔβλαψεν·
914 2364 1007 2425 πάντ
1031 2360 1153 2425 ίλάττω

172 2467 356 2547 νομίζοντες
383 2460 467 2528 εἶναι
494 2474 554 2528 τοῦ
576 2464 710 2539 δέοντος
736 2464 855 2528 καὶτὰ
883 2464 1004 2546 μέγιστ’
1027 2462 1063 2528 έν
1085 2473 1154 2538 τοῖς

174 2571 382 2651 ψηφίσμασιν
397 2569 588 2651 αἱρούμενοι
604 2568 658 2632 ἐπὶ
672 2577 716 2652 τῷ
731 2570 885 2650 πράττειν
904 2568 984 2631 οὐδὲ
998 2569 1038 2631 τά
1053 2567 1153 2650 μικρά

175 2683 311 2737 ποιεῖτε·
347 2673 428 2736 ἀλλὰ
456 2675 497 2735 τὰ
526 2673 626 2757 μικρά
655 2673 852 2754 ποιήσαντες
873 2673 929 2736 καί
950 2674 1151 2754 πορίσαντες,

131 2776 303 2852 τιτούτοις
317 2777 512 2859 προυτίθετ’,
537 2776 578 2839 διν
593 2775 715 2839 ἐλάττου
730 2777 896 2858 φαίνηται.
919 2776 1002 2857 λέγω
1019 2774 1060 2856 δὴ
1075 2776 1151 2849 τοὺς

174 2881 298 2955 πάντας
321 2880 519 2962 στρατιώτας
541 2879 729 2962 δισχιλίους,
756 2880 935 2942 τούτωνδ’
956 2874 1152 2960 Ἀθηναίους

173 2983 256 3066 φημί
284 2983 355 3047 δεῖν
380 2978 464 3046 εἶναι
486 2984 731 3061 πεντακοσίους,
764 2980 797 3058 ἐξ
829 2980 868 3064 ἧς
891 2985 933 3045 άν
955 3003 1044 3057 τινος
1074 2981 1152 3063 ὑμῖν

173 3084 300 3166 ἡλικίας
328 3088 433 3161 καλῶς
461 3085 545 3168 ἔχειν
567 3086 659 3169 δοκῇ,
692 3086 812 3168 χρόνον
839 3084 959 3148 τακτὸν
982 3101 1151 3169 στρατευο-

174 3189 302 3270 μένους,
326 3189 369 3272 μὴ
392 3189 519 3273 μακρὸν
541 3198 669 3268 τοῦτον,
692 3188 759 3251 ἀλλ’
781 3189 860 3251 ὅσον
883 3188 924 3251 άν
946 3188 1027 3272 δοκῇ
1049 3191 1152 3263 καλῶς

175 3292 270 3375 ἔχειν,
298 3291 334 3355 ἐκ
362 3293 518 3375 διαδοχῇς
547 3292 710 3372 ἀλλήλοις·
744 3292 822 3367 τοὺς
849 3289 879 3353 δ’
904 3293 1021 3366 άλλους
1042 3289 1152 3368 ξένους

175 3390 259 3458 είναι
287 3396 418 3459 κελεύω.
463 3396 519 3458 καὶ
545 3395 625 3477 μετὰ
651 3396 779 3458 τούτων
805 3394 921 3469 ἱππέας
953 3395 1150 3473 διακοσίους,

172 3499 369 3561 καὶτούτων
384 3493 566 3579 πεντήκοντ’
586 3500 781 3577 Ἀθηναίους
794 3497 1018 3579 τούλάχιστον,
1040 3498 1146 3579 ὥσπερ
