2484 3992
152 220 201 285 IV

154 408 324 492 subiunxi,
348 407 451 473 idme
467 429 534 473 non
551 408 671 473 inutile
687 409 808 474 fecisse
823 421 915 494 puto.
943 407 1027 475 Sunt
1044 413 1136 475 enim

152 535 238 599 quae
251 512 355 597 selegi
368 534 435 578 non
448 511 556 578 solum
571 515 705 596 generis
721 514 887 577 narrativi
903 513 990 600 quod
1008 512 1138 579 dicitur

152 616 306 702 exempla
338 616 563 702 pulcherrima
593 615 654 681 sed
680 618 863 681 maximam
888 628 1018 702 partem
1045 618 1135 682 eius·

151 722 316 804 modi,‚ut
316 743 395 815 „res
419 729 537 804 gestae
542 770 564 818 2
578 742 660 805 ques
684 728 817 785 tantum
840 722 1013 803 attingunt
1039 742 1135 805 prae-

152 830 284 888 euntes
275 800 471 902 ordtiones3'
491 816 565 893 illis'
580 818 700 894 ordine
723 832 921 888 enarrentur
935 822 1136 943 pleniusque

150 924 418 1031 perscribantur
425 924 558 1031 ..Quare
568 948 611 1007 ep,
627 924 696 991 sive
709 925 753 991 ad
768 928 936 1011 perspicui
938 937 1043 991 tatem
1059 928 1135 993 sive

150 1027 208 1095 ad·
195 1009 446 1113 ·a'r'gimieritum
457 1016 677 1109 iieferuhthr,
681 1032 857 1116 aptissima
873 1053 947 1095 esse
963 1032 1134 1114 existimo,

151 1154 237 1218 quae
264 1131 317 1197 vel
346 1133 470 1196 cursim
499 1134 534 1196 in
564 1131 687 1199 scholis
711 1132 855 1219 publicis
878 1131 932 1198 vel
954 1133 1044 1198 intra
1066 1136 1136 1219 pri·

150 1246 247 1302 vatos
270 1237 417 1321 parietes
440 1234 483 1300 ab
507 1235 684 1300 iuvenibus
709 1236 875 1319 legantur.

251 1339 305 1402 De
323 1339 532 1424 praefatione
549 1359 649 1423 quam
668 1340 778 1404 textui
788 1341 947 1425 praemisi
962 1338 1048 1404 nihil
1062 1341 1133 1404 nisi

149 1442 213 1507 hoc
235 1440 317 1505 mihi
339 1441 539 1507 monendum
557 1442 652 1506 duco.
687 1443 732 1508 Ut
756 1445 844 1508 enim
864 1454 1014 1508 nostrum
1029 1465 1132 1508 unus·

151 1546 304 1631 quisque,
327 1547 383 1631 qui
398 1544 564 1610 Herodoti
586 1544 747 1610 historias
771 1547 944 1633 discipulis
960 1545 1125 1630 legendas

148 1650 370 1733 proposuerit,
388 1669 443 1721 eos
460 1648 607 1729 docebit,
624 1649 743 1734 quibus
759 1652 794 1714 in
810 1650 960 1732 urbibus,
983 1672 1125 1736 quarum

148 1773 270 1831 rerum
283 1774 303 1815 a
316 1750 436 1837 quibus
448 1752 530 1816 viris
542 1751 704 1816 historiae
716 1753 857 1837 primum
870 1752 973 1817 scribi
985 1761 1126 1837 coeptae

150 1857 218 1920 sint
235 1856 356 1940 quique
374 1864 449 1939 post
466 1853 559 1919 illum
579 1855 781 1920 nobilissimi
795 1854 885 1940 apud
901 1852 1050 1920 Graecos
1067 1878 1125 1921 ex·

150 1959 300 2023 stiterint
322 1980 433 2022 rerum
456 1958 648 2043 scriptores,
676 1960 756 2022 item
779 1960 834 2042 qui
859 1956 1034 2042 Sophoclis
1056 1969 1125 2023 tra-

148 2060 288 2143 goedias
312 2064 346 2123 in
370 2059 485 2124 schola
506 2068 658 2124 tractare
687 2059 869 2141 adgressus
894 2064 968 2142 erit,
993 2058 1034 2124 de
1060 2063 1125 2125 ori·

148 2163 283 2246 ginibus
307 2172 447 2246 poeseos
471 2163 650 2225 scaenicae
673 2159 779 2247 deque
794 2163 876 2245 ipsis
898 2163 1008 2246 poetis
1032 2183 1123 2227 scae

147 2267 232 2330 nicis
249 2265 404 2331 similiter
414 2287 523 2351 pauca
540 2265 708 2351 quaedam
722 2265 941 2351 praefabitur,
953 2301 994 2312 -
1008 2265 1124 2331 eodem

147 2369 245 2433 modo
260 2369 301 2433 de
318 2371 486 2434 oratoriae
499 2371 582 2434 artis
596 2366 804 2434 Graecorum
815 2369 1007 2454 primordiis
1021 2379 1122 2455 atque

148 2482 318 2537 oratorum
334 2472 455 2536 studiis
478 2493 545 2536 non
560 2472 655 2536 nulla
680 2470 802 2537 debent
825 2495 846 2536 a
869 2472 966 2536 nobis
991 2475 1123 2558 exponi,

146 2598 189 2639 ne
205 2578 278 2659 quis
293 2574 531 2661 discipulorum
546 2584 654 2640 artem
669 2574 764 2640 illam
776 2574 817 2639 de
837 2574 932 2640 caelo
949 2575 1122 2661 delapsam

146 2676 595 2743 velnaturaDemosthenem
603 2678 729 2743 factum
738 2688 986 2743 esseoratorem
994 2678 1121 2745 credat.

145 2781 265 2866 Itaque
279 2781 333 2846 his
356 2781 396 2845 de
418 2780 517 2846 rebus
540 2791 573 2845 et
596 2801 661 2864 ego
675 2780 810 2866 quidem
825 2803 910 2866 quae
925 2785 1119 2848 necessaria

145 2882 308 2969 utiliaque
320 2882 515 2949 viderentur
527 2882 621 2967 dedi,
637 2885 672 2948 in
685 2883 805 2969 quibus
818 2907 870 2948 me
881 2883 935 2949 hic
949 2883 1018 2949 illio
1031 2907 1117 2970 quae

145 2988 180 3050 in
203 2984 376 3051 Ciceronis
404 2986 509 3051 Bruto
537 2985 696 3069 leguntur
725 2987 946 3072 exscripsisse
973 2986 1118 3053 libenter
1226 3021 1227 3026 ¹

144 3089 262 3154 fateor.
303 3075 420 3155 Vitam
440 3090 693 3173 Demosthenis,
721 3110 798 3154 cum
827 3091 930 3175 spatii
953 3093 1119 3174 angustiis

144 3213 325 3274 coercerer,
347 3215 400 3258 me
415 3215 482 3257 non
497 3193 563 3257 nisi
579 3194 614 3257 in
630 3192 869 3276 chronologica
885 3214 985 3278 quam
996 3206 1120 3260 vocant
1225 3238 1226 3241 =

143 3292 262 3358 tabula
284 3297 433 3380 potuisse
455 3316 596 3360 narrare
618 3305 753 3360 nonest
776 3318 837 3360 cur
851 3297 952 3360 nimis
969 3295 1120 3379 doleam3

143 3419 286 3483 namque
321 3401 448 3484 scripta
482 3400 697 3463 enarratione
731 3400 945 3483 quantumvis
983 3402 1120 3485 copiosa

142 3500 247 3566 multo
271 3501 390 3567 melius
419 3511 519 3588 atque
550 3501 685 3567 facilius
714 3503 838 3568 efficiet
860 3504 941 3568 viva
963 3498 1119 3586 magistri
