<?xml version="1.0" encoding="UTF-8"?>
<!DOCTYPE html PUBLIC "-//W3C//DTD XHTML 1.0 Transitional//EN"
    "http://www.w3.org/TR/xhtml1/DTD/xhtml1-transitional.dtd">
<html xmlns="http://www.w3.org/1999/xhtml" xml:lang="en" lang="en">
 <head>
  <title>
</title>
<meta http-equiv="Content-Type" content="text/html;charset=utf-8" />
  <meta name='ocr-system' content='tesseract 3.04.00' />
  <meta name='ocr-capabilities' content='ocr_page ocr_carea ocr_par ocr_line ocrx_word'/>
</head>
<body>
  <div class='ocr_page' id='page_1' title='image "./orationesselect00demogoog_0031.png"; bbox 0 0 2484 3992; ppageno 0'>
   <div class='ocr_carea' id='block_1_1' title="bbox 369 224 1075 291">
    <p class='ocr_par' dir='ltr' id='par_1_1' title="bbox 369 224 1075 291">
     <span class='ocr_line' id='line_1_1' title="bbox 369 224 1075 291; baseline -0.001 -2"><span class='ocrx_word' id='word_1_1' title='bbox 369 228 494 290; x_wconf 88' lang='grc' dir='ltr'><em>ΚΑΤΑ</em></span> <span class='ocrx_word' id='word_1_2' title='bbox 518 228 756 290; x_wconf 69' lang='grc' dir='ltr'><em>ΦΙΛΙΠΠΟΥ</em></span> <span class='ocrx_word' id='word_1_3' title='bbox 772 231 814 291; x_wconf 86' lang='grc' dir='ltr'><em>Α.</em></span> <span class='ocrx_word' id='word_1_4' title='bbox 1057 224 1075 288; x_wconf 79' lang='lat'>7</span> 
     </span>
    </p>
   </div>
   <div class='ocr_carea' id='block_1_2' title="bbox 82 416 1127 2768">
    <p class='ocr_par' dir='ltr' id='par_1_2' title="bbox 82 416 1124 2232">
     <span class='ocr_line' id='line_1_2' title="bbox 82 416 1076 500; baseline -0.001 -21"><span class='ocrx_word' id='word_1_5' title='bbox 82 416 186 498; x_wconf 85' lang='grc' dir='ltr'><em>ὑμεῖς</em></span> <span class='ocrx_word' id='word_1_6' title='bbox 208 419 333 499; x_wconf 86' lang='grc' dir='ltr'><em>οῖομαι,</em></span> <span class='ocrx_word' id='word_1_7' title='bbox 367 418 423 480; x_wconf 85' lang='grc' dir='ltr'><em>καῖ</em></span> <span class='ocrx_word' id='word_1_8' title='bbox 444 418 482 480; x_wconf 83' lang='grc' dir='ltr'><em>τὸ</em></span> <span class='ocrx_word' id='word_1_9' title='bbox 503 420 630 498; x_wconf 72' lang='grc' dir='ltr'><em>πλῆθος</em></span> <span class='ocrx_word' id='word_1_10' title='bbox 651 418 747 496; x_wconf 77' lang='grc' dir='ltr'><em>ὅσον,</em></span> <span class='ocrx_word' id='word_1_11' title='bbox 776 416 833 479; x_wconf 85' lang='grc' dir='ltr'><em>καῖ</em></span> <span class='ocrx_word' id='word_1_12' title='bbox 853 417 978 500; x_wconf 85' lang='grc' dir='ltr'><em>πόρους</em></span> <span class='ocrx_word' id='word_1_13' title='bbox 1000 417 1076 478; x_wconf 85' lang='grc' dir='ltr'><em>οὑσ-</em></span> 
     </span>
     <span class='ocr_line' id='line_1_3' title="bbox 82 517 1078 602; baseline -0.003 -20"><span class='ocrx_word' id='word_1_14' title='bbox 82 539 191 595; x_wconf 86' lang='grc' dir='ltr'><em>τινας</em></span> <span class='ocrx_word' id='word_1_15' title='bbox 223 521 414 602; x_wconf 77' lang='grc' dir='ltr'><em>χρημάτων,</em></span> <span class='ocrx_word' id='word_1_16' title='bbox 447 520 503 583; x_wconf 85' lang='grc' dir='ltr'><em>καῖ</em></span> <span class='ocrx_word' id='word_1_17' title='bbox 530 517 613 584; x_wconf 76' lang='grc' dir='ltr'><em>τᾶλλ’</em></span> <span class='ocrx_word' id='word_1_18' title='bbox 645 517 688 596; x_wconf 88' lang='grc' dir='ltr'><em>ώς</em></span> <span class='ocrx_word' id='word_1_19' title='bbox 710 522 752 582; x_wconf 79' lang='grc' dir='ltr'><em>ἄν</em></span> <span class='ocrx_word' id='word_1_20' title='bbox 775 541 831 601; x_wconf 92' lang='grc' dir='ltr'><em>μοι</em></span> <span class='ocrx_word' id='word_1_21' title='bbox 852 519 1001 600; x_wconf 87' lang='grc' dir='ltr'><em>βέλτιστα</em></span> <span class='ocrx_word' id='word_1_22' title='bbox 1022 518 1078 581; x_wconf 85' lang='grc' dir='ltr'><em>καῖ</em></span> 
     </span>
     <span class='ocr_line' id='line_1_4' title="bbox 83 620 1080 705; baseline -0.001 -21"><span class='ocrx_word' id='word_1_23' title='bbox 83 625 233 703; x_wconf 85' lang='grc' dir='ltr'><em>τάχιστα</em></span> <span class='ocrx_word' id='word_1_24' title='bbox 255 622 348 685; x_wconf 90' lang='grc' dir='ltr'><em>δοκεῖ</em></span> <span class='ocrx_word' id='word_1_25' title='bbox 365 627 699 705; x_wconf 71' lang='grc' dir='ltr'><em>παρασκευασθῆναι,</em></span> <span class='ocrx_word' id='word_1_26' title='bbox 732 622 789 684; x_wconf 81' lang='grc' dir='ltr'><em>καί</em></span> <span class='ocrx_word' id='word_1_27' title='bbox 818 620 859 702; x_wconf 78' lang='grc' dir='ltr'><em>δὴ</em></span> <span class='ocrx_word' id='word_1_28' title='bbox 882 623 1080 704; x_wconf 83' lang='grc' dir='ltr'><em>πειράσομαι</em></span> 
     </span>
     <span class='ocr_line' id='line_1_5' title="bbox 85 719 1076 807; baseline -0.002 -20"><span class='ocrx_word' id='word_1_29' title='bbox 85 725 216 805; x_wconf 87' lang='grc' dir='ltr'><em>λέγειν,</em></span> <span class='ocrx_word' id='word_1_30' title='bbox 239 724 370 805; x_wconf 81' lang='grc' dir='ltr'><em>δεηθεὶς</em></span> <span class='ocrx_word' id='word_1_31' title='bbox 391 724 495 806; x_wconf 77' lang='grc' dir='ltr'><em>ὑμῶν,</em></span> <span class='ocrx_word' id='word_1_32' title='bbox 519 719 545 787; x_wconf 66' lang='lat' dir='ltr'><em>a}</em></span> <span class='ocrx_word' id='word_1_33' title='bbox 569 724 686 807; x_wconf 77' lang='grc' dir='ltr'><em>ἄνδρες</em></span> <span class='ocrx_word' id='word_1_34' title='bbox 705 720 886 805; x_wconf 86' lang='grc' dir='ltr'><em>Ἀθηναῖοι,</em></span> <span class='ocrx_word' id='word_1_35' title='bbox 908 732 1076 787; x_wconf 89' lang='grc' dir='ltr'><em>τοσοῦτον.</em></span> 
     </span>
     <span class='ocr_line' id='line_1_6' title="bbox 88 825 1123 910; baseline -0.001 -21"><span class='ocrx_word' id='word_1_36' title='bbox 88 826 235 890; x_wconf 77' lang='grc' dir='ltr'><em>ἐπειδὰν</em></span> <span class='ocrx_word' id='word_1_37' title='bbox 258 826 373 891; x_wconf 79' lang='grc' dir='ltr'><em>ἅπαντ’</em></span> <span class='ocrx_word' id='word_1_38' title='bbox 397 828 567 910; x_wconf 80' lang='grc' dir='ltr'><em>ἀκούσητε,</em></span> <span class='ocrx_word' id='word_1_39' title='bbox 590 829 732 910; x_wconf 80' lang='grc' dir='ltr'><strong><em>κρίνατε,</em></strong></span> <span class='ocrx_word' id='word_1_40' title='bbox 755 825 798 909; x_wconf 78' lang='grc' dir='ltr'><em>μὴ</em></span> <span class='ocrx_word' id='word_1_41' title='bbox 820 828 980 910; x_wconf 87' lang='grc' dir='ltr'><em>πρότερον</em></span> <span class='ocrx_word' id='word_1_42' title='bbox 1002 846 1079 910; x_wconf 89' lang='grc' dir='ltr'><em>προ·</em></span> <span class='ocrx_word' id='word_1_43' title='bbox 1091 840 1123 889; x_wconf 83' lang='grc'><em>14</em></span> 
     </span>
     <span class='ocr_line' id='line_1_7' title="bbox 88 930 1080 1014; baseline 0.001 -21"><span class='ocrx_word' id='word_1_44' title='bbox 88 932 294 1012; x_wconf 78' lang='grc' dir='ltr'><em>λαμβανετε·</em></span> <span class='ocrx_word' id='word_1_45' title='bbox 317 931 392 1013; x_wconf 82' lang='grc' dir='ltr'><em>μηδ’</em></span> <span class='ocrx_word' id='word_1_46' title='bbox 417 931 459 994; x_wconf 83' lang='grc' dir='ltr'><em>ἂν</em></span> <span class='ocrx_word' id='word_1_47' title='bbox 481 930 512 1008; x_wconf 79' lang='grc' dir='ltr'><em>ἐξ</em></span> <span class='ocrx_word' id='word_1_48' title='bbox 535 931 635 1014; x_wconf 71' lang='grc' dir='ltr'><em>ἀρχῆς</em></span> <span class='ocrx_word' id='word_1_49' title='bbox 657 931 746 995; x_wconf 80' lang='grc' dir='ltr'><em>δοκῶ</em></span> <span class='ocrx_word' id='word_1_50' title='bbox 760 953 826 994; x_wconf 92' lang='grc' dir='ltr'><em>τινι</em></span> <span class='ocrx_word' id='word_1_51' title='bbox 845 930 965 1013; x_wconf 79' lang='grc' dir='ltr'><em>καινὴν</em></span> <span class='ocrx_word' id='word_1_52' title='bbox 979 950 1080 1013; x_wconf 87' lang='grc' dir='ltr'><em>παρα·</em></span> 
     </span>
     <span class='ocr_line' id='line_1_8' title="bbox 93 1034 1079 1117; baseline 0.001 -20"><span class='ocrx_word' id='word_1_53' title='bbox 93 1034 223 1116; x_wconf 82' lang='grc' dir='ltr'><em>σκευὴν</em></span> <span class='ocrx_word' id='word_1_54' title='bbox 243 1035 363 1115; x_wconf 89' lang='grc' dir='ltr'><em>λέγειν,</em></span> <span class='ocrx_word' id='word_1_55' title='bbox 391 1034 586 1116; x_wconf 73' lang='grc' dir='ltr'><em>ἀναβάλλειν</em></span> <span class='ocrx_word' id='word_1_56' title='bbox 606 1057 646 1117; x_wconf 88' lang='grc' dir='ltr'><em>με</em></span> <span class='ocrx_word' id='word_1_57' title='bbox 674 1034 715 1097; x_wconf 84' lang='grc' dir='ltr'><em>τδι</em></span> <span class='ocrx_word' id='word_1_58' title='bbox 735 1036 902 1117; x_wconf 80' lang='grc' dir='ltr'><em>πράγμαθ’</em></span> <span class='ocrx_word' id='word_1_59' title='bbox 925 1034 1079 1116; x_wconf 82' lang='grc' dir='ltr'><em>ἡγείσθω.</em></span> 
     </span>
     <span class='ocr_line' id='line_1_9' title="bbox 92 1136 1082 1222; baseline 0.002 -22"><span class='ocrx_word' id='word_1_60' title='bbox 92 1138 142 1201; x_wconf 89' lang='grc' dir='ltr'><em>οὐ</em></span> <span class='ocrx_word' id='word_1_61' title='bbox 166 1138 229 1221; x_wconf 79' lang='grc' dir='ltr'><em>γὰρ</em></span> <span class='ocrx_word' id='word_1_62' title='bbox 251 1137 284 1201; x_wconf 88' lang='grc' dir='ltr'><em>οί</em></span> <span class='ocrx_word' id='word_1_63' title='bbox 306 1139 430 1222; x_wconf 83' lang='grc' dir='ltr'><em>,,ταχὺ“</em></span> <span class='ocrx_word' id='word_1_64' title='bbox 444 1140 500 1202; x_wconf 81' lang='grc' dir='ltr'><em>καὶ</em></span> <span class='ocrx_word' id='word_1_65' title='bbox 523 1140 705 1221; x_wconf 76' lang='grc' dir='ltr'><em>,,τημερου“</em></span> <span class='ocrx_word' id='word_1_66' title='bbox 721 1138 867 1213; x_wconf 81' lang='grc' dir='ltr'><em>εἰπόντες</em></span> <span class='ocrx_word' id='word_1_67' title='bbox 888 1140 1012 1219; x_wconf 64' lang='grc' dir='ltr'><em>μάλιστ’</em></span> <span class='ocrx_word' id='word_1_68' title='bbox 1036 1136 1082 1213; x_wconf 85' lang='grc' dir='ltr'><em>είς</em></span> 
     </span>
     <span class='ocr_line' id='line_1_10' title="bbox 94 1240 1080 1327; baseline 0.002 -24"><span class='ocrx_word' id='word_1_69' title='bbox 94 1240 180 1304; x_wconf 85' lang='grc' dir='ltr'><em>δέον</em></span> <span class='ocrx_word' id='word_1_70' title='bbox 201 1241 368 1322; x_wconf 82' lang='grc' dir='ltr'><em>λέγουσιν·</em></span> <span class='ocrx_word' id='word_1_71' title='bbox 403 1240 444 1304; x_wconf 91' lang='grc' dir='ltr'><em>ού</em></span> <span class='ocrx_word' id='word_1_72' title='bbox 470 1242 535 1327; x_wconf 78' lang='grc' dir='ltr'><em>γὰρ</em></span> <span class='ocrx_word' id='word_1_73' title='bbox 558 1241 600 1304; x_wconf 82' lang='grc' dir='ltr'><em>ἂν</em></span> <span class='ocrx_word' id='word_1_74' title='bbox 620 1244 662 1305; x_wconf 85' lang='grc' dir='ltr'><em>τά</em></span> <span class='ocrx_word' id='word_1_75' title='bbox 683 1244 712 1323; x_wconf 84' lang='grc' dir='ltr'><em>γ’</em></span> <span class='ocrx_word' id='word_1_76' title='bbox 734 1241 799 1323; x_wconf 74' lang='grc' dir='ltr'><em>ἤδη</em></span> <span class='ocrx_word' id='word_1_77' title='bbox 821 1243 1019 1324; x_wconf 76' lang='grc' dir='ltr'><em>γεγενημένα</em></span> <span class='ocrx_word' id='word_1_78' title='bbox 1040 1249 1080 1325; x_wconf 74' lang='grc' dir='ltr'><em>τῇ</em></span> 
     </span>
     <span class='ocr_line' id='line_1_11' title="bbox 93 1341 1124 1428; baseline 0.005 -23"><span class='ocrx_word' id='word_1_79' title='bbox 93 1342 178 1405; x_wconf 80' lang='grc' dir='ltr'><em>νυνί</em></span> <span class='ocrx_word' id='word_1_80' title='bbox 193 1343 332 1427; x_wconf 77' lang='grc' dir='ltr'><em>βοηθείᾳ</em></span> <span class='ocrx_word' id='word_1_81' title='bbox 354 1346 499 1408; x_wconf 81' lang='grc' dir='ltr'><em>κωλῦσαι</em></span> <span class='ocrx_word' id='word_1_82' title='bbox 521 1345 758 1428; x_wconf 76' lang='grc' dir='ltr'><em>δυνηθείημεν·</em></span> <span class='ocrx_word' id='word_1_83' title='bbox 782 1341 848 1408; x_wconf 80' lang='grc' dir='ltr'><em>ἀλλ’</em></span> <span class='ocrx_word' id='word_1_84' title='bbox 867 1344 904 1420; x_wconf 88' lang='grc' dir='ltr'><em>ὃς</em></span> <span class='ocrx_word' id='word_1_85' title='bbox 918 1344 960 1407; x_wconf 81' lang='grc' dir='ltr'><em>ἂν</em></span> <span class='ocrx_word' id='word_1_86' title='bbox 982 1341 1081 1428; x_wconf 77' lang='grc' dir='ltr'><em>δείξῃ,</em></span> <span class='ocrx_word' id='word_1_87' title='bbox 1091 1360 1124 1410; x_wconf 81' lang='lat'><em>15</em></span> 
     </span>
     <span class='ocr_line' id='line_1_12' title="bbox 94 1446 1109 1530; baseline 0.003 -22"><span class='ocrx_word' id='word_1_88' title='bbox 94 1446 150 1520; x_wconf 90' lang='grc' dir='ltr'><em>τίς</em></span> <span class='ocrx_word' id='word_1_89' title='bbox 178 1451 375 1527; x_wconf 77' lang='grc' dir='ltr'><em>πορισθεῖσα</em></span> <span class='ocrx_word' id='word_1_90' title='bbox 401 1447 592 1530; x_wconf 79' lang='grc' dir='ltr'><em>παρασκευὴ</em></span> <span class='ocrx_word' id='word_1_91' title='bbox 615 1448 671 1511; x_wconf 85' lang='grc' dir='ltr'><em>καῖ</em></span> <span class='ocrx_word' id='word_1_92' title='bbox 692 1449 779 1529; x_wconf 90' lang='grc' dir='ltr'><em>πόση</em></span> <span class='ocrx_word' id='word_1_93' title='bbox 808 1448 864 1510; x_wconf 85' lang='grc' dir='ltr'><em>καῖ</em></span> <span class='ocrx_word' id='word_1_94' title='bbox 885 1447 992 1512; x_wconf 82' lang='grc' dir='ltr'><em>πόθεν</em></span> <span class='ocrx_word' id='word_1_95' title='bbox 1010 1447 1080 1511; x_wconf 79' lang='grc' dir='ltr'><em>δια·</em></span> <span class='ocrx_word' id='word_1_96' title='bbox 1104 1519 1109 1530; x_wconf 45' lang='lat'>‚</span> 
     </span>
     <span class='ocr_line' id='line_1_13' title="bbox 95 1549 1078 1633; baseline 0.003 -21"><span class='ocrx_word' id='word_1_97' title='bbox 95 1558 211 1631; x_wconf 90' lang='grc' dir='ltr'><em>μεῖναι</em></span> <span class='ocrx_word' id='word_1_98' title='bbox 233 1549 419 1631; x_wconf 78' lang='grc' dir='ltr'><em>δυνήσεται,</em></span> <span class='ocrx_word' id='word_1_99' title='bbox 443 1549 504 1627; x_wconf 78' lang='grc' dir='ltr'><em>ἕως</em></span> <span class='ocrx_word' id='word_1_100' title='bbox 527 1551 569 1614; x_wconf 78' lang='grc' dir='ltr'><em>ἂν</em></span> <span class='ocrx_word' id='word_1_101' title='bbox 590 1551 610 1633; x_wconf 73' lang='grc' dir='ltr'><em>ἢ</em></span> <span class='ocrx_word' id='word_1_102' title='bbox 634 1551 868 1632; x_wconf 80' lang='grc' dir='ltr'><em>διαλυσώμεθα</em></span> <span class='ocrx_word' id='word_1_103' title='bbox 890 1551 1078 1627; x_wconf 77' lang='grc' dir='ltr'><em>πεισθέντες</em></span> 
     </span>
     <span class='ocr_line' id='line_1_14' title="bbox 94 1653 1076 1738; baseline 0.002 -23"><span class='ocrx_word' id='word_1_104' title='bbox 94 1653 160 1716; x_wconf 80' lang='grc' dir='ltr'><em>τὸν</em></span> <span class='ocrx_word' id='word_1_105' title='bbox 180 1655 322 1735; x_wconf 84' lang='grc' dir='ltr'><em>πόλεμον</em></span> <span class='ocrx_word' id='word_1_106' title='bbox 344 1653 364 1736; x_wconf 78' lang='grc' dir='ltr'><em>ἢ</em></span> <span class='ocrx_word' id='word_1_107' title='bbox 387 1660 634 1738; x_wconf 81' lang='grc' dir='ltr'><em>περιγενώμεθα</em></span> <span class='ocrx_word' id='word_1_108' title='bbox 656 1663 722 1717; x_wconf 82' lang='grc' dir='ltr'><em>τῶν</em></span> <span class='ocrx_word' id='word_1_109' title='bbox 744 1653 886 1738; x_wconf 77' lang='grc' dir='ltr'><em>ἐχθρῶν·</em></span> <span class='ocrx_word' id='word_1_110' title='bbox 910 1655 998 1719; x_wconf 88' lang='grc' dir='ltr'><em>οὑτω</em></span> <span class='ocrx_word' id='word_1_111' title='bbox 1012 1655 1076 1738; x_wconf 75' lang='grc' dir='ltr'><em>γὰρ</em></span> 
     </span>
     <span class='ocr_line' id='line_1_15' title="bbox 96 1754 1079 1841; baseline 0.001 -21"><span class='ocrx_word' id='word_1_112' title='bbox 96 1755 211 1820; x_wconf 75' lang='grc' dir='ltr'><em>οὐκέτι</em></span> <span class='ocrx_word' id='word_1_113' title='bbox 232 1766 292 1820; x_wconf 84' lang='grc' dir='ltr'><em>τοὺ</em></span> <span class='ocrx_word' id='word_1_114' title='bbox 315 1760 432 1821; x_wconf 82' lang='grc' dir='ltr'><em>λοιποῦ</em></span> <span class='ocrx_word' id='word_1_115' title='bbox 455 1761 635 1841; x_wconf 76' lang='grc' dir='ltr'><em>πάσχοιμεν</em></span> <span class='ocrx_word' id='word_1_116' title='bbox 651 1757 692 1820; x_wconf 84' lang='grc' dir='ltr'><em>ἂν</em></span> <span class='ocrx_word' id='word_1_117' title='bbox 703 1767 820 1832; x_wconf 79' lang='grc' dir='ltr'><em>κακῶς.</em></span> <span class='ocrx_word' id='word_1_118' title='bbox 858 1754 950 1840; x_wconf 73' lang='grc' dir='ltr'><em>οἶμαι</em></span> <span class='ocrx_word' id='word_1_119' title='bbox 964 1759 1079 1821; x_wconf 82' lang='grc' dir='ltr'><em>τοίνυν</em></span> 
     </span>
     <span class='ocr_line' id='line_1_16' title="bbox 94 1857 1073 1943; baseline -0.001 -20"><span class='ocrx_word' id='word_1_120' title='bbox 94 1857 164 1940; x_wconf 76' lang='grc' dir='ltr'><em>ἐγὼ</em></span> <span class='ocrx_word' id='word_1_121' title='bbox 185 1867 290 1923; x_wconf 85' lang='grc' dir='ltr'><em>ταῦτα</em></span> <span class='ocrx_word' id='word_1_122' title='bbox 311 1860 416 1941; x_wconf 86' lang='grc' dir='ltr'><em>λέγειν</em></span> <span class='ocrx_word' id='word_1_123' title='bbox 438 1861 531 1943; x_wconf 76' lang='grc' dir='ltr'><em>ἔχειν,</em></span> <span class='ocrx_word' id='word_1_124' title='bbox 554 1860 598 1942; x_wconf 79' lang='grc' dir='ltr'><em>μὴ</em></span> <span class='ocrx_word' id='word_1_125' title='bbox 620 1860 759 1923; x_wconf 81' lang='grc' dir='ltr'><em>κωλύων</em></span> <span class='ocrx_word' id='word_1_126' title='bbox 780 1862 813 1923; x_wconf 79' lang='grc' dir='ltr'><em>εί</em></span> <span class='ocrx_word' id='word_1_127' title='bbox 830 1879 879 1934; x_wconf 89' lang='grc' dir='ltr'><em>τις</em></span> <span class='ocrx_word' id='word_1_128' title='bbox 902 1862 997 1935; x_wconf 82' lang='grc' dir='ltr'><em>ἄλλος</em></span> <span class='ocrx_word' id='word_1_129' title='bbox 1018 1858 1073 1922; x_wconf 80' lang='grc' dir='ltr'><em>ἐπ·</em></span> 
     </span>
     <span class='ocr_line' id='line_1_17' title="bbox 101 1957 1080 2045; baseline 0 -19"><span class='ocrx_word' id='word_1_130' title='bbox 101 1960 293 2044; x_wconf 84' lang='grc' dir='ltr'><em>αγγέλλεταί</em></span> <span class='ocrx_word' id='word_1_131' title='bbox 312 1983 353 2026; x_wconf 93' lang='grc' dir='ltr'><em>τι.</em></span> <span class='ocrx_word' id='word_1_132' title='bbox 381 1962 401 2044; x_wconf 80' lang='grc' dir='ltr'><em>η</em></span> <span class='ocrx_word' id='word_1_133' title='bbox 425 1962 484 2044; x_wconf 80' lang='grc' dir='ltr'><em>μέν</em></span> <span class='ocrx_word' id='word_1_134' title='bbox 507 1957 569 2026; x_wconf 89' lang='grc' dir='ltr'><em>οὑν</em></span> <span class='ocrx_word' id='word_1_135' title='bbox 583 1961 756 2045; x_wconf 81' lang='grc' dir='ltr'><em>ὑπόσχεσις</em></span> <span class='ocrx_word' id='word_1_136' title='bbox 777 1963 865 2026; x_wconf 86' lang='grc' dir='ltr'><em>οὑτω</em></span> <span class='ocrx_word' id='word_1_137' title='bbox 886 1965 1020 2045; x_wconf 78' lang='grc' dir='ltr'><em>μεγάλη,</em></span> <span class='ocrx_word' id='word_1_138' title='bbox 1042 1962 1080 2026; x_wconf 88' lang='grc' dir='ltr'><em>τὸ</em></span> 
     </span>
     <span class='ocr_line' id='line_1_18' title="bbox 100 2064 1083 2149; baseline 0.001 -22"><span class='ocrx_word' id='word_1_139' title='bbox 100 2064 140 2128; x_wconf 82' lang='grc' dir='ltr'><em>δὲ</em></span> <span class='ocrx_word' id='word_1_140' title='bbox 167 2065 287 2148; x_wconf 78' lang='grc' dir='ltr'><em>πρᾶγμ’</em></span> <span class='ocrx_word' id='word_1_141' title='bbox 316 2065 382 2147; x_wconf 74' lang='grc' dir='ltr'><em>ἤδη</em></span> <span class='ocrx_word' id='word_1_142' title='bbox 408 2065 466 2128; x_wconf 79' lang='grc' dir='ltr'><em>τὸν</em></span> <span class='ocrx_word' id='word_1_143' title='bbox 494 2066 624 2149; x_wconf 74' lang='grc' dir='ltr'><em>ἔλεγχον</em></span> <span class='ocrx_word' id='word_1_144' title='bbox 647 2067 760 2130; x_wconf 85' lang='grc' dir='ltr'><em>δώσει·</em></span> <span class='ocrx_word' id='word_1_145' title='bbox 794 2067 902 2149; x_wconf 83' lang='grc' dir='ltr'><em>κριταί</em></span> <span class='ocrx_word' id='word_1_146' title='bbox 932 2067 966 2130; x_wconf 83' lang='grc' dir='ltr'><em>δ’</em></span> <span class='ocrx_word' id='word_1_147' title='bbox 990 2064 1083 2149; x_wconf 84' lang='grc' dir='ltr'><em>ὑμεῖς</em></span> 
     </span>
     <span class='ocr_line' id='line_1_19' title="bbox 101 2167 226 2232; baseline 0.008 -1"><span class='ocrx_word' id='word_1_148' title='bbox 101 2167 226 2232; x_wconf 84' lang='grc' dir='ltr'><em>έσεσθε.</em></span> 
     </span>
    </p>

    <p class='ocr_par' dir='ltr' id='par_1_3' title="bbox 102 2266 1127 2768">
     <span class='ocr_line' id='line_1_20' title="bbox 189 2266 1127 2356; baseline 0.003 -24"><span class='ocrx_word' id='word_1_149' title='bbox 189 2272 330 2352; x_wconf 81' lang='grc' dir='ltr'><em>Πρῶτον</em></span> <span class='ocrx_word' id='word_1_150' title='bbox 343 2270 406 2352; x_wconf 83' lang='grc' dir='ltr'><em>μὲν</em></span> <span class='ocrx_word' id='word_1_151' title='bbox 420 2272 545 2350; x_wconf 85' lang='grc' dir='ltr'><em>τοίνυν,</em></span> <span class='ocrx_word' id='word_1_152' title='bbox 569 2266 594 2332; x_wconf 84' lang='grc' dir='ltr'><em>ώ</em></span> <span class='ocrx_word' id='word_1_153' title='bbox 611 2272 729 2355; x_wconf 83' lang='grc' dir='ltr'><em>ἄνδρες</em></span> <span class='ocrx_word' id='word_1_154' title='bbox 741 2270 921 2354; x_wconf 81' lang='grc' dir='ltr'><em>Ἀθηναῖοι,</em></span> <span class='ocrx_word' id='word_1_155' title='bbox 943 2271 1085 2356; x_wconf 79' lang='grc' dir='ltr'><em>τριήρεις</em></span> <span class='ocrx_word' id='word_1_156' title='bbox 1095 2286 1127 2336; x_wconf 82' lang='grc' dir='ltr'><em>ιε</em></span> 
     </span>
     <span class='ocr_line' id='line_1_21' title="bbox 102 2369 1086 2458; baseline -0.001 -22"><span class='ocrx_word' id='word_1_157' title='bbox 102 2374 306 2456; x_wconf 79' lang='grc' dir='ltr'><em>πεντήκοντα</em></span> <span class='ocrx_word' id='word_1_158' title='bbox 327 2375 648 2458; x_wconf 76' lang='grc' dir='ltr'><em>παρασκευάσασθαί</em></span> <span class='ocrx_word' id='word_1_159' title='bbox 669 2396 753 2456; x_wconf 82' lang='grc' dir='ltr'><em>φημι</em></span> <span class='ocrx_word' id='word_1_160' title='bbox 775 2374 854 2452; x_wconf 86' lang='grc' dir='ltr'><em>δεῖν,</em></span> <span class='ocrx_word' id='word_1_161' title='bbox 883 2369 939 2437; x_wconf 73' lang='grc' dir='ltr'><em>εἶτ’</em></span> <span class='ocrx_word' id='word_1_162' title='bbox 963 2373 1086 2448; x_wconf 85' lang='grc' dir='ltr'><em>αὑτοὺς</em></span> 
     </span>
     <span class='ocr_line' id='line_1_22' title="bbox 104 2475 1085 2560; baseline 0.002 -20"><span class='ocrx_word' id='word_1_163' title='bbox 104 2476 192 2541; x_wconf 89' lang='grc' dir='ltr'><em>οὑτω</em></span> <span class='ocrx_word' id='word_1_164' title='bbox 213 2478 271 2552; x_wconf 80' lang='grc' dir='ltr'><em>τὰς</em></span> <span class='ocrx_word' id='word_1_165' title='bbox 291 2478 424 2559; x_wconf 83' lang='grc' dir='ltr'><em>γνώμας</em></span> <span class='ocrx_word' id='word_1_166' title='bbox 445 2477 540 2560; x_wconf 79' lang='grc' dir='ltr'><em>ἔχειν,</em></span> <span class='ocrx_word' id='word_1_167' title='bbox 564 2475 617 2556; x_wconf 83' lang='grc' dir='ltr'><em>ὡς,</em></span> <span class='ocrx_word' id='word_1_168' title='bbox 641 2477 701 2541; x_wconf 81' lang='grc' dir='ltr'><em>έιίν</em></span> <span class='ocrx_word' id='word_1_169' title='bbox 715 2499 747 2541; x_wconf 89' lang='grc' dir='ltr'><em>τι</em></span> <span class='ocrx_word' id='word_1_170' title='bbox 761 2478 829 2560; x_wconf 86' lang='grc' dir='ltr'><em>δέη,</em></span> <span class='ocrx_word' id='word_1_171' title='bbox 846 2478 1024 2541; x_wconf 82' lang='grc' dir='ltr'><em>πλευστέον</em></span> <span class='ocrx_word' id='word_1_172' title='bbox 1039 2478 1085 2553; x_wconf 87' lang='grc' dir='ltr'><em>είς</em></span> 
     </span>
     <span class='ocr_line' id='line_1_23' title="bbox 103 2578 1086 2663; baseline 0.001 -22"><span class='ocrx_word' id='word_1_173' title='bbox 103 2579 226 2654; x_wconf 90' lang='grc' dir='ltr'><em>ταύτας</em></span> <span class='ocrx_word' id='word_1_174' title='bbox 248 2581 361 2655; x_wconf 85' lang='grc' dir='ltr'><em>αὐτοῖς</em></span> <span class='ocrx_word' id='word_1_175' title='bbox 382 2579 528 2662; x_wconf 76' lang='grc' dir='ltr'><em>ἐμβᾶσιν.</em></span> <span class='ocrx_word' id='word_1_176' title='bbox 563 2580 645 2663; x_wconf 80' lang='grc' dir='ltr'><em>πρὸς</em></span> <span class='ocrx_word' id='word_1_177' title='bbox 660 2581 696 2645; x_wconf 82' lang='grc' dir='ltr'><em>δὲ</em></span> <span class='ocrx_word' id='word_1_178' title='bbox 711 2583 841 2655; x_wconf 87' lang='grc' dir='ltr'><em>τούτοις</em></span> <span class='ocrx_word' id='word_1_179' title='bbox 855 2588 923 2655; x_wconf 86' lang='grc' dir='ltr'><em>τοῖς</em></span> <span class='ocrx_word' id='word_1_180' title='bbox 936 2578 1086 2662; x_wconf 78' lang='grc' dir='ltr'><em>ἡμίσεσιν</em></span> 
     </span>
     <span class='ocr_line' id='line_1_24' title="bbox 104 2682 1085 2768; baseline 0.002 -23"><span class='ocrx_word' id='word_1_181' title='bbox 104 2690 171 2746; x_wconf 86' lang='grc' dir='ltr'><em>τών</em></span> <span class='ocrx_word' id='word_1_182' title='bbox 189 2682 328 2757; x_wconf 67' lang='grc' dir='ltr'><em>,ἱππίων</em></span> <span class='ocrx_word' id='word_1_183' title='bbox 360 2682 573 2766; x_wconf 81' lang='grc' dir='ltr'><em>ἱππαγωγοὺς</em></span> <span class='ocrx_word' id='word_1_184' title='bbox 604 2684 747 2768; x_wconf 77' lang='grc' dir='ltr'><em>τριήρεις</em></span> <span class='ocrx_word' id='word_1_185' title='bbox 779 2684 835 2747; x_wconf 82' lang='grc' dir='ltr'><em>καὶ</em></span> <span class='ocrx_word' id='word_1_186' title='bbox 867 2682 951 2747; x_wconf 84' lang='grc' dir='ltr'><em>πλοῖ’</em></span> <span class='ocrx_word' id='word_1_187' title='bbox 986 2682 1085 2747; x_wconf 83' lang='grc' dir='ltr'><em>ἱκανὰ</em></span> 
     </span>
    </p>
   </div>
   <div class='ocr_carea' id='block_1_3' title="bbox 105 2783 1234 2870">
    <p class='ocr_par' dir='ltr' id='par_1_4' title="bbox 105 2783 1234 2870">
     <span class='ocr_line' id='line_1_25' title="bbox 105 2783 1234 2870; baseline 0.003 -20"><span class='ocrx_word' id='word_1_188' title='bbox 105 2785 293 2868; x_wconf 84' lang='grc' dir='ltr'><em>εὐτρεπίσαι</em></span> <span class='ocrx_word' id='word_1_189' title='bbox 320 2789 452 2851; x_wconf 88' lang='grc' dir='ltr'><em>κελεύω.</em></span> <span class='ocrx_word' id='word_1_190' title='bbox 497 2796 601 2851; x_wconf 83' lang='grc' dir='ltr'><em>ταῦτα</em></span> <span class='ocrx_word' id='word_1_191' title='bbox 629 2788 689 2869; x_wconf 76' lang='grc' dir='ltr'><em>μὲν</em></span> <span class='ocrx_word' id='word_1_192' title='bbox 711 2783 803 2869; x_wconf 79' lang='grc' dir='ltr'><em>οἶμαι</em></span> <span class='ocrx_word' id='word_1_193' title='bbox 832 2788 903 2851; x_wconf 85' lang='grc' dir='ltr'><em>δεῖν</em></span> <span class='ocrx_word' id='word_1_194' title='bbox 925 2787 1085 2870; x_wconf 76' lang='grc' dir='ltr'><em>ὑπάρχειν</em></span> <span class='ocrx_word' id='word_1_195' title='bbox 1096 2803 1126 2852; x_wconf 79' lang='grc' dir='ltr'><em>1ῖ</em></span> <span class='ocrx_word' id='word_1_196' title='bbox 1233 2840 1234 2845; x_wconf 49' lang='grc'><em>,</em></span> 
     </span>
    </p>
   </div>
   <div class='ocr_carea' id='block_1_4' title="bbox 103 2886 1130 3592">
    <p class='ocr_par' dir='ltr' id='par_1_5' title="bbox 103 2886 1130 3592">
     <span class='ocr_line' id='line_1_26' title="bbox 105 2886 1083 2973; baseline 0.001 -22"><span class='ocrx_word' id='word_1_197' title='bbox 105 2887 158 2951; x_wconf 82' lang='grc' dir='ltr'><em>έπῖ</em></span> <span class='ocrx_word' id='word_1_198' title='bbox 179 2889 238 2964; x_wconf 79' lang='grc' dir='ltr'><em>τὰς</em></span> <span class='ocrx_word' id='word_1_199' title='bbox 258 2886 412 2972; x_wconf 78' lang='grc' dir='ltr'><em>ἐξαίφνης</em></span> <span class='ocrx_word' id='word_1_200' title='bbox 433 2890 554 2963; x_wconf 87' lang='grc' dir='ltr'><em>ταύτας</em></span> <span class='ocrx_word' id='word_1_201' title='bbox 570 2888 635 2952; x_wconf 78' lang='grc' dir='ltr'><em>ὑπὸ</em></span> <span class='ocrx_word' id='word_1_202' title='bbox 649 2898 705 2971; x_wconf 72' lang='grc' dir='ltr'><em>τῆς</em></span> <span class='ocrx_word' id='word_1_203' title='bbox 720 2890 842 2965; x_wconf 81' lang='grc' dir='ltr'><em>οἰκείας</em></span> <span class='ocrx_word' id='word_1_204' title='bbox 856 2891 964 2973; x_wconf 82' lang='grc' dir='ltr'><em>χώρας</em></span> <span class='ocrx_word' id='word_1_205' title='bbox 980 2889 1083 2954; x_wconf 82' lang='grc' dir='ltr'><em>αὑτοῦ</em></span> 
     </span>
     <span class='ocr_line' id='line_1_27' title="bbox 106 2991 1086 3075; baseline 0.003 -22"><span class='ocrx_word' id='word_1_206' title='bbox 106 2992 273 3073; x_wconf 87' lang='grc' dir='ltr'><em>στρατείας</em></span> <span class='ocrx_word' id='word_1_207' title='bbox 305 2991 352 3067; x_wconf 90' lang='grc' dir='ltr'><em>είς</em></span> <span class='ocrx_word' id='word_1_208' title='bbox 384 2994 496 3068; x_wconf 86' lang='grc' dir='ltr'><em>Πύλας</em></span> <span class='ocrx_word' id='word_1_209' title='bbox 528 2992 584 3055; x_wconf 85' lang='grc' dir='ltr'><em>καλ</em></span> <span class='ocrx_word' id='word_1_210' title='bbox 607 2995 820 3075; x_wconf 79' lang='grc' dir='ltr'><em>Χερρόνησον</em></span> <span class='ocrx_word' id='word_1_211' title='bbox 847 2993 903 3055; x_wconf 83' lang='grc' dir='ltr'><em>καὶ</em></span> <span class='ocrx_word' id='word_1_212' title='bbox 925 2995 1086 3056; x_wconf 83' lang='grc' dir='ltr'><em>Ὀλυνθου</em></span> 
     </span>
     <span class='ocr_line' id='line_1_28' title="bbox 106 3092 1087 3182; baseline 0.003 -25"><span class='ocrx_word' id='word_1_213' title='bbox 106 3095 162 3157; x_wconf 85' lang='grc' dir='ltr'><em>καῖ</em></span> <span class='ocrx_word' id='word_1_214' title='bbox 180 3095 255 3158; x_wconf 78' lang='grc' dir='ltr'><em>ὅποι</em></span> <span class='ocrx_word' id='word_1_215' title='bbox 269 3097 436 3177; x_wconf 80' lang='grc' dir='ltr'><em>βούλεται·</em></span> <span class='ocrx_word' id='word_1_216' title='bbox 460 3096 510 3159; x_wconf 90' lang='grc' dir='ltr'><em>δεῖ</em></span> <span class='ocrx_word' id='word_1_217' title='bbox 530 3096 595 3179; x_wconf 83' lang='grc' dir='ltr'><em>γὰρ</em></span> <span class='ocrx_word' id='word_1_218' title='bbox 617 3095 731 3182; x_wconf 76' lang='grc' dir='ltr'><em>ἐκείνςο</em></span> <span class='ocrx_word' id='word_1_219' title='bbox 752 3092 838 3160; x_wconf 79' lang='grc' dir='ltr'><em>τοῦτ’</em></span> <span class='ocrx_word' id='word_1_220' title='bbox 855 3095 892 3160; x_wconf 79' lang='grc' dir='ltr'><em>ἐν</em></span> <span class='ocrx_word' id='word_1_221' title='bbox 913 3104 952 3180; x_wconf 73' lang='grc' dir='ltr'><em>τῇ</em></span> <span class='ocrx_word' id='word_1_222' title='bbox 974 3096 1087 3180; x_wconf 80' lang='grc' dir='ltr'><em>γνώμη</em></span> 
     </span>
     <span class='ocr_line' id='line_1_29' title="bbox 106 3195 1087 3284; baseline 0.005 -24"><span class='ocrx_word' id='word_1_223' title='bbox 106 3206 324 3281; x_wconf 81' lang='grc' dir='ltr'><em>παραστῆσαι,</em></span> <span class='ocrx_word' id='word_1_224' title='bbox 354 3195 398 3273; x_wconf 85' lang='grc' dir='ltr'><em>ώς</em></span> <span class='ocrx_word' id='word_1_225' title='bbox 425 3197 518 3280; x_wconf 89' lang='grc' dir='ltr'><em>ὑμεῖς</em></span> <span class='ocrx_word' id='word_1_226' title='bbox 552 3199 588 3263; x_wconf 92' lang='grc' dir='ltr'><em>έκ</em></span> <span class='ocrx_word' id='word_1_227' title='bbox 620 3208 678 3281; x_wconf 72' lang='grc' dir='ltr'><em>τῆς</em></span> <span class='ocrx_word' id='word_1_228' title='bbox 710 3199 860 3282; x_wconf 81' lang='grc' dir='ltr'><em>ἀμελείας</em></span> <span class='ocrx_word' id='word_1_229' title='bbox 887 3202 1009 3283; x_wconf 87' lang='grc' dir='ltr'><em>ταύτης</em></span> <span class='ocrx_word' id='word_1_230' title='bbox 1029 3209 1087 3284; x_wconf 76' lang='grc' dir='ltr'><em>τῆς</em></span> 
     </span>
     <span class='ocr_line' id='line_1_30' title="bbox 103 3301 1086 3388; baseline 0.006 -25"><span class='ocrx_word' id='word_1_231' title='bbox 103 3303 205 3382; x_wconf 79' lang='grc' dir='ltr'><em>,ῖγαν,</em></span> <span class='ocrx_word' id='word_1_232' title='bbox 235 3302 343 3384; x_wconf 81' lang='grc' dir='ltr'><em>ὥσπερ</em></span> <span class='ocrx_word' id='word_1_233' title='bbox 366 3301 413 3376; x_wconf 89' lang='grc' dir='ltr'><em>είς</em></span> <span class='ocrx_word' id='word_1_234' title='bbox 433 3302 582 3384; x_wconf 80' lang='grc' dir='ltr'><em>Εὔβοιαν</em></span> <span class='ocrx_word' id='word_1_235' title='bbox 610 3304 667 3365; x_wconf 87' lang='grc' dir='ltr'><em>καῖ</em></span> <span class='ocrx_word' id='word_1_236' title='bbox 692 3304 854 3387; x_wconf 80' lang='grc' dir='ltr'><em>πρότερόν</em></span> <span class='ocrx_word' id='word_1_237' title='bbox 881 3305 960 3368; x_wconf 82' lang='grc' dir='ltr'><em>ποτέ</em></span> <span class='ocrx_word' id='word_1_238' title='bbox 981 3320 1086 3388; x_wconf 85' lang='grc' dir='ltr'><em>φασιν</em></span> 
     </span>
     <span class='ocr_line' id='line_1_31' title="bbox 107 3400 1084 3490; baseline 0.005 -23"><span class='ocrx_word' id='word_1_239' title='bbox 107 3404 152 3479; x_wconf 87' lang='grc' dir='ltr'><em>είς</em></span> <span class='ocrx_word' id='word_1_240' title='bbox 168 3400 338 3488; x_wconf 78' lang='grc' dir='ltr'><em>Ἁλίαρτον</em></span> <span class='ocrx_word' id='word_1_241' title='bbox 373 3406 429 3468; x_wconf 82' lang='grc' dir='ltr'><em>καί</em></span> <span class='ocrx_word' id='word_1_242' title='bbox 462 3406 503 3468; x_wconf 86' lang='grc' dir='ltr'><em>τδι</em></span> <span class='ocrx_word' id='word_1_243' title='bbox 535 3408 705 3470; x_wconf 86' lang='grc' dir='ltr'><em>τελευταῖα</em></span> <span class='ocrx_word' id='word_1_244' title='bbox 739 3408 855 3490; x_wconf 88' lang='grc' dir='ltr'><em>πρώην</em></span> <span class='ocrx_word' id='word_1_245' title='bbox 888 3407 933 3483; x_wconf 88' lang='grc' dir='ltr'><em>είς</em></span> <span class='ocrx_word' id='word_1_246' title='bbox 958 3408 1084 3489; x_wconf 91' lang='grc' dir='ltr'><em>Πύλας,</em></span> 
     </span>
     <span class='ocr_line' id='line_1_32' title="bbox 108 3507 1130 3592; baseline 0.004 -21"><span class='ocrx_word' id='word_1_247' title='bbox 108 3510 184 3584; x_wconf 86' lang='grc' dir='ltr'><em>ῖσως</em></span> <span class='ocrx_word' id='word_1_248' title='bbox 218 3507 260 3572; x_wconf 81' lang='grc' dir='ltr'><em>ἂν</em></span> <span class='ocrx_word' id='word_1_249' title='bbox 293 3508 479 3592; x_wconf 86' lang='grc' dir='ltr'><em>ὑρμήσαιτε.</em></span> <span class='ocrx_word' id='word_1_250' title='bbox 534 3511 627 3573; x_wconf 84' lang='grc' dir='ltr'><em>οὑτοι</em></span> <span class='ocrx_word' id='word_1_251' title='bbox 659 3512 839 3590; x_wconf 79' lang='grc' dir='ltr'><em>παντελῶς,</em></span> <span class='ocrx_word' id='word_1_252' title='bbox 873 3510 946 3574; x_wconf 73' lang='grc' dir='ltr'><em>οὐδ’</em></span> <span class='ocrx_word' id='word_1_253' title='bbox 978 3511 1008 3574; x_wconf 86' lang='grc' dir='ltr'><em>εί</em></span> <span class='ocrx_word' id='word_1_254' title='bbox 1040 3511 1084 3592; x_wconf 77' lang='grc' dir='ltr'><em>μὴ</em></span> <span class='ocrx_word' id='word_1_255' title='bbox 1098 3525 1130 3575; x_wconf 83' lang='lat'><em>18</em></span> 
     </span>
    </p>
   </div>
   <div class='ocr_carea' id='block_1_5' title="bbox 0 0 1262 3992">
    <p class='ocr_par' dir='ltr' id='par_1_6' title="bbox 0 0 1262 3992">
     <span class='ocr_line' id='line_1_33' title="bbox 0 0 1262 3992; baseline 0 0"><span class='ocrx_word' id='word_1_256' title='bbox 0 0 1262 3992; x_wconf 95' lang='lat' dir='ltr'><em> </em></span> 
     </span>
    </p>
   </div>
  </div>
 </body>
</html>
