2484 3992
198 277 242 343 84
457 276 533 345 VII.
557 278 916 345 ΔΗΜΟΣΘΕΝΟΤΣ

198 467 410 549 ἐπιστήσεσθε
426 469 552 552 (ἄρχειν
571 470 636 552 γάρ
657 470 820 550 εἰώθατε),
842 473 1017 552 πράγματα
1038 472 1067 535 δ’
1084 475 1164 558 αὐτῷ

197 581 385 655 παρασχεῖν,
400 565 443 635 ὑν
454 572 573 657 καιρὸν
585 574 712 656 λάβητε,
727 574 827 638 πλείω
842 583 908 638 τών
923 577 1031 638 ἄλλων
1045 576 1164 660 ἀνθρώ

195 698 268 740 πων
289 676 444 741 ἁπάντων
464 675 657 759 δυνήσεσθε.

153 793 186 844 σι
288 776 415 856 Ώςοὺν
429 778 512 863 ὑπὲρ
523 789 589 845 τών
600 778 744 863 ἐσχάτων
755 782 850 857 ὄντος
860 786 920 845 τοῦ
934 783 1069 865 άγώνος,
1084 785 1166 847 οὑτω

195 884 355 968 προσήκει
386 885 580 966 γιγνώσκειν
612 885 669 948 παλ
699 886 777 960 τοὺς
812 887 1019 969 πεπρακότας
1050 887 1166 963 αὑτοὺς

191 988 305 1074 ἐκείνῳ
334 998 441 1071 μισεῖν
468 987 774 1070 κάποτυμπανίσαι·
808 987 849 1051 οὑ
878 988 941 1072 γάρ
970 989 1076 1070 ἔστιν,
1109 990 1167 1053 οὑιι

194 1093 262 1157 έστι
281 1102 349 1156 τών
370 1091 430 1170 ἔξω
451 1100 509 1174 τής
530 1093 656 1167 πόλεως
678 1091 807 1175 ίχθρών
827 1101 998 1175 κρατήσαι,
1026 1094 1107 1178 πρὶν
1126 1087 1166 1156 ἂν

152 1210 185 1260 σε
195 1198 273 1272 τοὺς
305 1194 342 1260 έν
375 1196 458 1280 αὑτῇ
490 1204 530 1279 τῇ
562 1196 655 1259 πόλει
684 1194 835 1276 κολάσητ’
870 1194 1019 1279 ἐχθρούς.
1065 1198 1166 1261 πόθεν

192 1303 302 1364 οἴεσθε
334 1303 399 1365 νῦν
432 1298 533 1362 αὑτὸν
565 1297 709 1390 ὑβρίζειν
741 1298 828 1379 ὑμᾶς
861 1295 977 1383 (οὐδὲν
1004 1300 1070 1383 γὰρ
1104 1303 1165 1363 ἀλλ’

190 1404 299 1485 ἔμοιγε
328 1403 421 1466 δοκεῖ
445 1411 552 1469 ποιεῖν
579 1400 599 1482 ἢ
629 1398 743 1486 τοῦτο)
772 1401 828 1464 καί
854 1402 933 1476 τοὺς
961 1403 1023 1484 μὲν
1052 1406 1166 1478 ἄλλους
1234 1398 1235 1407 ’

188 1503 227 1572 εὑ
241 1509 398 1586 ποιοῦντ’,
421 1506 450 1589 εἰ
465 1504 568 1587 μηδὲν
584 1507 662 1584 ἄλλ’,
685 1502 858 1584 ἐξαπατᾶν,
881 1504 960 1587 ὑμῖν
977 1507 1007 1568 θ’
1024 1506 1165 1571 ἀπειλεῖν
1234 1514 1235 1587 ξ

188 1611 269 1694 ἤδη·
303 1608 375 1675 οίον
398 1609 579 1684 Θετταλοὺς
607 1609 711 1672 πολλά
733 1608 815 1682 δοὺς
842 1607 1017 1691 ὑπηγάγετ’
1042 1610 1090 1685 είς
1110 1609 1166 1692 τήν
1234 1596 1235 1599 “

188 1718 253 1779 νῦν
266 1717 441 1798 παροῦσαν
455 1713 624 1777 δουλείαν·
641 1710 713 1775 οὐδ’
729 1710 772 1774 ἂν
786 1711 889 1775 εἰπεῖν
903 1712 1032 1775 δύναιτ’
1049 1713 1163 1792 οὐθείς,

189 1819 252 1881 ὅσα
288 1818 367 1892 τοὺς
405 1818 634 1898 ταλαιπώρους
662 1812 854 1890 Ὀλυνθίους
890 1817 1054 1900 πρότερον
1090 1817 1165 1891 ὑοὺς

145 1937 178 1987 σε
190 1922 390 1986 Ποτείδαιαν
397 1918 574 2003 ἐξηπάτησε
585 1921 641 1983 καὶ
652 1919 741 1983 πόλλ’
756 1916 864 2002 ἔτερα·
875 1919 1044 2001 Θηβαίους
1055 1922 1096 1984 τὰ
1107 1930 1166 1985 νῦν

188 2024 307 2108 ὑπάγει
333 2026 394 2108 τήν
422 2025 585 2090 Βοιωτίαν
607 2025 720 2100 αὐτοῖς
746 2024 919 2108 παραδοὺς
946 2026 1003 2088 καὶ
1026 2026 1162 2089 άπαλλά·

187 2129 244 2207 ξας
258 2130 404 2213 πολέμου
426 2131 549 2193 πολλοῦ
565 2129 621 2192 καί
637 2129 795 2210 χαλεποῦ·
818 2128 899 2190 ὥστε
915 2130 1166 2212 καρπωσάμενοί

186 2236 246 2297 τιν’
275 2232 405 2297 ἔκαστοι
432 2233 560 2296 τούτων
585 2230 786 2310 πλεονεξίαν,
815 2230 848 2294 οἱ
874 2231 935 2312 μὲν
962 2232 1028 2313 ήδη
1050 2235 1164 2297 πεπόν·

185 2332 303 2417 θασιν,
332 2338 355 2400 ά
383 2336 424 2418 δή
447 2337 565 2411 πάντες
588 2337 714 2415 ίσασιν,
744 2334 776 2398 οί
798 2336 827 2398 θ’
851 2335 935 2399 ὅταν
952 2335 1033 2398 ποτὲ
1056 2339 1163 2419 συμβῇ

186 2441 363 2504 πείσονται.
407 2436 499 2521 ὑμεῖς
521 2438 549 2501 θ’
576 2434 624 2501 ών
650 2435 710 2519 μὲν
737 2436 952 2520 άπεστέρησθ’
976 2436 1014 2500 έν
1040 2448 1086 2524 τῷ
1109 2460 1163 2502 πο-

185 2545 290 2630 λίμρι,
320 2551 446 2607 σιωπῶ·
481 2542 548 2606 ἀλλ’
578 2541 617 2605 ἐν
642 2541 730 2624 αὐτῷ
756 2549 801 2625 τῷ
828 2540 890 2622 τήν
916 2539 1051 2623 εἰρήνην
1073 2542 1164 2624 ποιή-

143 2662 176 2711 64
189 2652 323 2727 σασθαι,
345 2646 418 2709 πόά
442 2642 660 2727 ἐξηπάτησθε,
687 2644 800 2707 πόσων
822 2643 1055 2726 ἀπεστέρησθε.
1095 2646 1166 2727 οὑχλ

189 2751 339 2830 Φωκέας,
374 2750 416 2813 οὑ
440 2751 568 2827 Πύλας,
603 2748 677 2830 οὐχί
704 2746 781 2809 τάπὶ
811 2749 956 2831 Θράκης,
985 2751 1164 2830 Δορίσκον,

185 2855 345 2940 Σέρριον,
368 2853 426 2917 τὸν
439 2852 690 2937 Κερσοβλέπτην
712 2851 830 2931 αὐτόν,Ι
853 2852 894 2914 οὐ
915 2860 980 2914 νῦν
994 2851 1056 2934 τὴν
1070 2854 1165 2917 πόλιν

184 2959 245 3042 τήν
256 2957 457 3044 Καρθιανών
479 2956 540 3037 ἔχει
562 2955 620 3018 καί
634 2954 801 3036 ὁμολογεῖ,
822 2955 856 3017 τί
867 2957 939 3018 ποτ’
954 2951 1018 3018 οὑν
1032 2955 1164 3031 ἐκείνως

185 3075 253 3141 τοῖς
275 3066 385 3140 ἄλλοις
407 3062 463 3125 καὶ
485 3061 525 3125 οὐ
548 3062 607 3125 τὸν
634 3059 736 3123 αὑτὸν
761 3062 885 3144 τρόπον
911 3059 992 3142 ὑμῖν
1020 3064 1162 3146 προσφί·

186 3165 316 3251 ρεταιςή
329 3168 378 3231 ὅτι
407 3163 443 3228 έν
472 3167 556 3248 μόνη
584 3173 651 3228 τών
672 3172 788 3227 πασῶν
810 3164 937 3227 πόλεων
958 3172 998 3248 τῇ
1020 3163 1162 3250 ὑμετέρα

185 3270 270 3333 ἄδει’
293 3268 376 3353 ὑπὲρ
403 3277 470 3334 τών
497 3266 627 3353 ἐχθρῶν
646 3269 751 3351 λέγειν
773 3268 914 3346 δέδοται,
941 3266 998 3329 καί
1019 3268 1162 3350 λαβόντα

182 3373 315 3457 χρήματ’
340 3372 442 3437 αὑτὸν
471 3372 614 3455 ἀσφαλές
643 3369 711 3435 έστι
736 3372 842 3452 λέγειν
868 3373 945 3453 παρ’
972 3366 1073 3452 ὑμῖν,
1101 3370 1161 3435 κάν

135 3475 386 3557 σεάφηρημίνοι
408 3474 450 3537 τά
470 3471 593 3557 ὑμέτερ’
620 3475 731 3538 αὐτῶν
751 3470 816 3556 ήτε.
861 3474 925 3539 οὐκ
945 3470 988 3555 ἧν
1017 3473 1159 3558 ἀσφαλὲς

184 3578 288 3656 λέγειν
316 3574 353 3636 ἐν
371 3571 517 3659 Ὀλύνθῳ
545 3578 585 3638 τὰ
610 3578 791 3657 Φιλίππου,
820 3578 864 3660 μή
892 3579 958 3641 σὺν
984 3573 1024 3640 εὑ
1045 3598 1158 3643 uem
