2484 3992
469 198 712 267 APPENDIX.
1022 199 1082 264 117

100 390 281 477 Ἀθηναῖοι,
304 391 415 458 δεινὸν
436 390 642 474 ἐμπέπτωκεν
656 390 703 466 είς
717 389 778 472 τὴν
794 389 938 470 Ἑλλάδα,
961 390 1017 453 καί
1030 412 1084 472 χα-

103 496 202 562 λεπὸν
223 496 280 559 καὶ
301 497 420 578 πολλῆς
440 494 530 572 τινὸς
552 492 704 577 εύινχίας
724 494 781 557 ιιαλ
802 496 879 577 παρ’
902 493 997 575 ὑμῶν
1018 492 1083 560 ἐπι-

102 600 232 683 μελείας
246 599 414 681 όεόμενον.
440 597 472 660 οἱ
493 597 557 682 γὰρ
572 596 609 663 ἐν
624 606 695 673 ταῖς
709 598 822 661 πόλεσι
834 597 1084 680 γνωριμώτατοι

102 705 157 768 καλ
168 704 369 787 προεστάναι
382 711 449 766 τῶν
463 711 586 766 κοινῶν
597 700 795 784 ἀξιούμενοι,
810 700 871 783 τὴν
883 701 993 764 αὐτῶν
1006 721 1083 784 προ

103 809 252 883 διδόντες
274 806 465 888 ἐλευθερίαν
487 806 520 869 οἱ
542 806 722 888 δυστυχεῖς,
746 804 946 888 αὐθαίρετον
969 805 1083 882 αὐτοῖς

102 910 282 994 ἐπάγονται
304 911 468 989 δουλείαν,
493 910 645 995 Φιλίππῳ
667 907 778 987 ξενίαν
791 910 848 972 καί
863 908 1011 992 ἑταιρίαν
1026 911 1082 973 καί

103 1018 235 1080 τοιαῦθ’
246 1013 531 1098 ὑποκοριζόμενοι·
548 1013 580 1077 οἱ
595 1014 633 1078 όέ
647 1014 756 1078 λοιποί
770 1014 827 1076 καί
840 1013 881 1076 τὰ
896 1013 983 1097 κύρι’
999 1013 1080 1078 ἅττα

102 1117 172 1186 ποτ’
197 1116 260 1184 ἐστ’
284 1118 322 1184 ἐν
342 1119 460 1203 ἑκάστη
488 1128 555 1184 τῶν
581 1121 724 1199 πόλεων,
759 1122 818 1194 οὓς
846 1119 911 1183 ἔδει
943 1121 1082 1196 τούτους

103 1226 249 1301 κολάζειν
259 1224 315 1286 καλ
325 1224 509 1308 παραχρῆμ’
522 1223 769 1302 ἀποκτιννύναι,
785 1224 912 1287 τοσοῦτ’
926 1222 1081 1305 ἀπέχουσι

102 1336 162 1392 τοῦ
183 1327 337 1390 τοιοῦτόν
357 1349 390 1390 τι
411 1336 528 1406 ποιεῖν,
551 1327 634 1391 ὥστε
655 1328 864 1409 θαυμάζουσι
878 1326 934 1389 καλ
950 1328 1081 1408 ζηλοῦσι

102 1433 159 1495 καί
180 1432 342 1513 βούλοιντ’
365 1430 408 1493 ἀν
430 1429 530 1505 αὐτὸς
546 1428 680 1505 ἕκαστος
693 1439 844 1507 τοιοῦτος
858 1427 953 1495 εἶναι.
976 1431 1109 1498 καίτοιτ

101 1539 201 1600 τοῦτο
223 1532 261 1597 τὸ
282 1539 416 1616 προῖγμα
439 1533 496 1596 καὶ
514 1532 708 1597 τὰτοιαῦτα
724 1535 894 1616 ζηλώματα
911 1536 1081 1598 Θετταλῶν

102 1638 172 1720 μίν,
197 1632 223 1700 όν
247 1637 362 1720 ἄνδρες
379 1639 557 1719 Ἀθηναῖοι,
580 1638 673 1720 μέχρι
687 1636 748 1720 μὲν
763 1638 840 1721 χθὲς
854 1639 874 1719 ἢ
889 1640 1005 1722 πρόην
1020 1639 1081 1721 την

102 1743 282 1826 ἡγεμονίαν
308 1741 423 1805 καὶτὸ
446 1741 559 1806 κοινὸν
581 1740 691 1824 ἀξίωμ’
716 1742 935 1823 ἀπωλωλέκει,
963 1741 1078 1807 νύνύ

101 1848 165 1929 ἤδη
188 1846 245 1909 καί
265 1844 326 1927 τὴν
348 1844 539 1928 ἐλευθερίαν
562 1855 785 1929 παραιρεῖται·
819 1847 877 1921 τὰς
898 1848 961 1929 γὰρ
986 1847 1079 1929 ἀκρο

102 1951 211 2026 πόλεις
226 1950 337 2013 αὐτῶν
352 1948 449 2013 ἐνίων
460 1949 654 2023 Μακεδόνες
672 1954 896 2033 φρουροῦσιν·
919 1952 966 2026 είς
980 1954 1079 2014 Πελο-

101 2055 268 2137 πόννησον
290 2050 318 2116 θ’
343 2052 572 2127 εἰσελθόντας
594 2049 747 2117 ἐνἨλιόι
771 2055 899 2136 σφαγὰς
921 2056 1078 2138 πεποίηκε

103 2160 157 2222 καί
188 2159 351 2239 τοσαύτης
383 2158 567 2239 παρανοίας
593 2157 650 2220 καὶ
676 2158 796 2239 μανίας
825 2157 979 2241 ἐνέπλησε
1000 2160 1079 2234 τοὺς

102 2262 328 2345 ταλαιπώρους
350 2259 504 2339 ἐκείνους,
528 2261 607 2324 ὥσθ’
631 2260 672 2323 ἵν’
696 2259 842 2341 ἀλλήλων
866 2264 1009 2343 ἄρχωσιν
1023 2263 1079 2325 καλ

5 2440 6 2445 1
105 2367 256 2448 Φιλίππω
283 2365 493 2447 χαρίζωνται,
524 2372 692 2445 συγγενεῖς
720 2362 830 2426 αὐτῶν
856 2362 912 2425 καὶ
945 2365 1080 2440 πολίτας

5 2486 6 2525 ί
103 2477 301 2552 μιαιφονεῖν.
332 2467 388 2531 καὶ
410 2466 482 2531 οὐδ’
499 2466 633 2531 ἐνταῦθ’
649 2466 793 2549 ἕστηκεν,
817 2465 883 2531 ἀλλ’
908 2467 954 2543 είς
962 2463 1105 2550 Ἅρμα-3

5 2578 6 2615 ³
101 2573 178 2636 όίαν
200 2570 351 2635 εἰσελθὸν
364 2570 457 2633 πάντ’
473 2573 544 2633 ἀνω
558 2570 614 2633 καί
629 2571 717 2634 κύτω
732 2569 826 2633 τάκεῖ
837 2571 1002 2651 πεποίηκε,
1025 2571 1081 2633 καί

5 2674 7 2741 ἰ
100 2679 165 2741 νύν
188 2675 355 2760 Ἀρκάδων
376 2675 500 2753 πολλοί,
522 2682 691 2758 προσῆκον
714 2673 826 2749 αὐτοῖς
840 2671 888 2738 ἐπ’
906 2673 1086 2759 ἐλευθερί,ζ

6 2758 7 2843 Ῐ
101 2780 255 2863 μέγιστον
283 2787 420 2861 φρονεῖν
448 2778 568 2859 ὁμοίως
595 2777 676 2859 ύμῖν
710 2780 819 2860 (μόνοι
850 2778 915 2861 γὰρ
946 2780 1079 2843 πάντων

101 2883 301 2966 αὐτόχθονες
321 2883 414 2964 ὑμεῖς
424 2881 499 2946 ἐστε
514 2883 672 2962 κάκεῖνοι)
691 2883 855 2946 Φίλιππον
867 2884 1077 2963 θαυμάζουσι

6 2988 7 2991 ’
100 2988 156 3051 καί
170 2988 313 3069 χαλκοῦν
335 2986 442 3049 ῑστάσι
457 2986 514 3049 καί
532 2988 741 3068 στεφανοῦσι,
756 2987 813 3048 καί
826 2984 864 3048 τὸ
878 2988 1075 3065 τελευταῖον,

103 3091 144 3155 ἂν
166 3091 215 3166 είς
228 3091 483 3172 Πελοπόννησον
505 3092 549 3172 ίη,
572 3089 725 3171 δέχεσθαι
747 3098 817 3163 ταῖς
838 3088 971 3152 πόλεσιν
994 3088 1077 3152 εἰσὶν

101 3194 329 3278 ἐψηφισμένοι.
372 3193 476 3258 ταύτὰ
499 3194 537 3257 όέ
562 3197 654 3258 ταῦτ’
678 3194 762 3257 εἰσὶν
781 3190 931 3277 Ἀργεῖοι.
975 3201 1108 3258 ταῦτατ

100 3296 139 3379 νὴ
155 3296 217 3380 την
231 3296 389 3381 Δήμητρ’,
411 3297 441 3360 εί
456 3297 510 3361 όεῖ
522 3296 565 3379 μὴ
581 3298 702 3378 ληρεῖν,
719 3296 887 3377 εὐλαβείας
902 3295 943 3358 ού
960 3303 1078 3380 μικροῖς

100 3403 215 3483 δεῖται,
237 3400 282 3477 ὡς
303 3401 436 3484 βαδίζον
456 3423 493 3483 γε
521 3401 630 3485 κύκλῳ
657 3401 713 3464 καί
735 3401 823 3483 δεῦρ’
847 3399 1021 3481 ἐλήλυθεν,
1050 3398 1077 3463 ὦ

104 3505 222 3587 ἄνδρες
238 3503 423 3587 Ἀθηναῖοι,
450 3504 488 3568 τὸ
510 3503 640 3586 νόσημα
660 3508 766 3568 τοῦτο.
811 3502 872 3577 ἕως
894 3500 956 3566 οὖν
977 3503 1018 3566 ἔτ’
1042 3502 1079 3566 ἐν

1071 3826 1105 3917 f
