2484 3992
164 250 225 315 126

196 455 264 506 qnae
299 441 369 489 inter
402 437 624 488 Demosthenicas

195 527 301 592 legitur,
318 522 381 591 περὶ
397 517 563 590 Ἁλοννήσου.

158 602 257 669 Ἦλις.
276 611 365 661 ama
375 613 516 676 optimates
526 626 625 677 magna

195 699 277 749 caede
294 698 366 747 faeta
383 697 539 763 popularem
552 702 624 762 pote-

196 789 292 835 statem
305 784 470 834 sustulerunt
487 790 514 833 et
531 786 624 833 civita·

195 876 250 921 tem
262 870 296 921 ad
308 869 429 935 Philippi
446 886 554 920 oausam
566 886 624 935 per-

196 958 337 1008 duxerunt

160 1039 299 1109 Ἡραῖον
321 1045 438 1109 τεῖχος
456 1043 489 1092 τά
506 1044 624 1108 Propon-

195 1130 278 1180 tidem
296 1129 443 1180 casalium.

102 1202 105 1210 ⁴
161 1208 340 1280 Ἡράκλειοι
358 1231 440 1278 sacra,
458 1217 624 1281 quaeMara·

196 1303 278 1353 thone
295 1301 340 1352 vol
365 1301 419 1352 alio
442 1302 501 1351 loeo
520 1302 625 1350 Atticae

195 1388 406 1438 celebrabantur.

161 1466 326 1540 Ἡρακλῆς
343 1466 510 1538 (Ἡράκλεις).

376 1626 472 1678 Θ..

163 1729 278 1788 Θάσος
295 1732 391 1781 civitas
408 1730 514 1781 loedere
534 1733 625 1781 iuncta

172 1834 257 1867 -cum
292 1817 514 1879 Atheniensibus,
556 1819 625 1867 siout

197 1902 624 1968 SciathusaliaequemarisThra-

196 1992 248 2040 cici
264 1989 377 2041 insulae.

163 2074 313 2128 Θεσπιαλ
323 2076 450 2126 Boeotiae
459 2076 522 2125 urbs
532 2076 625 2125 eodem

198 2178 269 2213 anno
297 2177 350 2227 quo
368 2160 497 2212 Plataeae
519 2162 591 2228 (373)
609 2178 625 2211 a

172 2282 177 2289 -
194 2248 333 2301 Thebanis
341 2247 430 2299 diruta
438 2253 499 2313 post
508 2262 625 2313 pugnam

197 2335 268 2401 apud
277 2334 460 2385 Chaeroneam
473 2350 489 2383 a
498 2334 624 2399 Philippo

195 2423 318 2473 restituta
335 2425 384 2471 est.
437 2428 438 2431 ’
527 2427 529 2431 ’

163 2504 346 2570 Θετταλία,
365 2504 537 2561 Θετταλοί.
564 2505 624 2556 vid.

197 2600 299 2658 argtum?
316 2608 355 2641 or.
367 2591 389 2641 1.
416 2601 420 2639 3
454 2618 456 2621 v

162 2676 287 2745 Θῆβαι,
308 2674 467 2742 Θηβαῖον.
502 2677 624 2729 Thebani

196 2762 405 2811 Atheniensibus
423 2763 452 2810 in
471 2763 560 2812 odium
578 2778 624 2812 ve·

197 2853 416 2913 amanterque
429 2854 546 2912 tempore
559 2851 623 2898 mai-

175 2920 268 2986 orem
294 2936 322 2983 in
341 2933 454 2983 Graecia
476 2937 623 3000 potentiam

195 3023 337 3072 nauticum
348 3020 487 3085 superbius
498 3037 526 3071 se
532 3038 624 3087 gerere

194 3110 352 3174 coepissent,
359 3107 517 3156 Boeotorum
527 3110 625 3174 oppida

194 3194 332 3243 diruerunt
356 3199 435 3259 atque
454 3194 572 3259 Oropum
590 3198 624 3244 iis

196 3280 357 3342 eripuerunt.
398 3280 625 3345 ingravescebant

176 3402 179 3407 .
198 3362 355 3424 simultates,
368 3380 428 3414 cum
437 3366 559 3415 Thebani
571 3366 625 3415 foe-

176 3486 180 3491 ,
198 3447 248 3495 dus
271 3461 332 3495 cum
348 3449 475 3513 Philippo
486 3502 488 3506 Α
499 3450 627 3500 fecissent

178 3597 183 3602 .
199 3532 233 3580 ad
244 3530 396 3581 Phocenses
414 3536 626 3597 compescendos.

490 247 606 300 INDEX
624 246 805 299 NOMINUM.

711 437 810 486 Postea
826 440 889 486 vero
907 449 971 500 rege
982 434 1086 485 bollum
1098 434 1147 483 ad·.

711 539 804 574 versus
827 520 1018 585 Amphissaecs
1041 520 1165 571 Locros

711 613 856 674 apparente
883 607 1050 657 reconciliati
1081 612 1144 656 sunt

711 698 795 744 animi
807 687 889 761 atque¹
900 696 1013 743 societas
1024 695 1093 742 inita
1102 699 1143 741 est

711 798 771 830 cum
789 780 1007 831 Atheniensibus.

677 865 768 924 Θόας
786 868 869 917 Orita.

677 952 822 1019 Θρᾷκες,
842 946 970 1019 Θράκιος,
989 943 1096 1017 Θράκῃ.

900 1074 923 1126 Ι.

677 1179 784 1253 Ἱέραξ
802 1187 1045 1253 Amphipolitarum
1069 1187 1143 1253 lega·

711 1279 764 1323 tus.
828 1269 831 1273 ’
1019 1262 1046 1275 ’“
1088 1258 1089 1261 “

677 1351 782 1425 Ἱερὸν
798 1357 816 1410 ὄ
821 1375 880 1426 ρος
897 1360 1038 1410 castellum
1056 1360 1142 1409 Thra-

712 1448 769 1496 ciae
788 1447 822 1496 ad
840 1446 1039 1511 Propontidem.

678 1530 699 1580 Ἰ
702 1531 838 1597 λλυριολ
854 1547 920 1598 gens
933 1533 1053 1595 barbara,
1073 1547 1145 1597 quae

712 1620 782 1668 inter
793 1633 866 1669 mare
875 1619 1041 1669 Adriaticum
1053 1619 1144 1668 Mace·

702 1705 872 1771 ¹Aoniamque
890 1704 1037 1754 habitabat.

673 1783 809 1857 Ἴμβρος
821 1791 911 1840 insula
919 1792 1000 1840 maris
1009 1791 1143 1840 Thracici.

673 1872 857 1943 Ἵππαρχος
874 1877 1036 1926 Eretriensie
1054 1877 1143 1942 prodi·

711 1970 753 2014 tor
771 1970 798 2015 et
815 1969 951 2029 tyrannus.

676 2044 870 2107 Ἱππόνικος
888 2049 1009 2115 Philippi
1028 2049 1089 2099 dux.

676 2130 1143 2202 'IoanpasrpoAthenieusiumdux

711 2222 799 2273 clarus
856 2220 928 2272 bello
969 2221 1143 2271 Corinthiaco

712 2315 740 2360 et
757 2294 850 2358 contra
862 2306 1053 2373 Amphipolim,
1073 2323 1141 2356 mor-

711 2401 774 2446 tuus
796 2400 838 2446 eet
856 2410 910 2444 non
928 2393 1017 2473 multo
1033 2399 1096 2471 post
1118 2409 1141 2442 a.

712 2482 771 2530 354.

892 2583 926 2634 K.

677 2679 706 2728 K
709 2676 749 2744 αβ
754 2676 813 2743 ύλη
831 2678 961 2728 Thraciae
973 2678 1123 2732 castellnm.

677 2763 849 2821 Kallias·
884 2779 976 2814 servus
1008 2765 1140 2829 publicus,

711 2866 809 2902 scurra.

677 2936 748 3001 Κάρ
766 2939 783 2987 i.
797 2952 819 2987 e.
839 2936 934 2986 Cariae
952 2952 999 2986 rex
1011 2937 1122 2986 Idrieus.

677 3022 812 3089 Καρδλα
821 3023 1140 3087 urbsClrersonesi,Kao·

712 3108 812 3162 δοσνοί.

678 3193 940 3262 Κερσοβλέπτης
975 3209 1023 3245 rex
1058 3197 1138 3246 Thra·

693 3284 783 3345 ciac,
806 3281 1012 3332 Atheniensium
1039 3284 1138 3331 amicus
1176 3320 1178 3323 ,

711 3367 755 3423 vel
774 3370 871 3431 socius,
889 3384 906 3417 a
917 3367 1045 3432 Philippo
1058 3382 1138 3432 regno

695 3449 934 3519 rexpulsns‘(341).
1068 3508 1070 3511 v
1102 3507 1104 3509 ,

679 3537 933 3612 Κηφισοφῶν
967 3538 1138 3588 Atheniensis
