2484 3992
426 214 729 279 OAYNOIAKOZ
747 220 787 281 A.
1046 218 1085 282 21

107 401 272 482 ἐπιεικῶς,
296 398 322 466 ὦ
345 404 462 486 ἄνδρες
472 400 652 485 Ἀθηναῖοι,
673 402 779 483 τοῦθ’,
801 405 1091 488 δδοσμαχώτατόν

108 505 184 569 ἐστι
205 514 272 569 τῶν
296 508 462 570 Φιλίππου
483 510 694 590 πραγμάτων,
723 510 779 573 καὶ
805 510 972 590 βέλτιστον
994 510 1090 592 ὑμῖν·

107 608 152 673 τὸ
164 610 228 692 γὰρ
240 606 324 674 εἶναι
337 613 470 675 πάντων
486 611 612 676 ἐκεῖνον
627 610 670 676 ἕν’
687 614 766 676 ὄντα
781 613 899 696 κύριον
913 613 968 675 καὶ
983 612 1091 695 ῥητῶν

108 712 340 796 κάπορρήτων,
372 715 427 777 καὶ
450 714 518 795 ἅμα
546 715 726 798 στρατηγὸν
758 717 814 778 καλ
841 715 1004 797 δεσπότην
1035 717 1091 778 καὶ

109 817 237 898 ταμίαν
258 818 313 880 καὶ
334 829 501 902 πανταχοῦ
518 819 620 884 αὐτὸν
635 830 788 903 παρεῖναι
803 829 847 904 τῷ
864 822 1089 902 στρατεύματι,

110 920 198 1002 πρὸς
208 920 268 1002 μέν
279 921 316 985 τὸ
327 922 367 984 τά
383 932 443 986 τοῦ
460 925 605 1004 πολέμου
614 925 696 1006 ταχὺ
705 925 760 987 καὶ
770 925 851 988 κατὰ
867 924 985 1006 καιρὸν
993 926 1092 1006 πράτ-

109 1030 230 1088 τεσθαι
246 1028 353 1109 πολλῷ
375 1028 513 1109 προέχει,
535 1028 617 1108 πρὸς
632 1029 669 1091 δὲ
686 1029 744 1103 τὰς
758 1030 970 1109 καταλλαγάς,
995 1030 1033 1103 ἃς
1049 1028 1091 1091 ἂν

110 1128 239 1203 ἐκεῖνος
260 1128 421 1211 ποιήσαιτ’
447 1134 586 1213 ἅσμενος
607 1133 690 1211 πρὸς
709 1129 909 1212 Ὀλυνθίους,
933 1131 1090 1207 ἐναντίως

111 1233 188 1313 ἕχει.
217 1233 318 1313 δῆλον
339 1234 403 1315 γάρ
425 1234 493 1298 ἐστι
515 1244 583 1309 τοῖς
601 1232 794 1313 Ὀλυνθίοις,
818 1236 868 1298 ὅτι
882 1245 946 1298 νῦν
960 1236 1002 1298 οὐ
1017 1236 1119 1318 περλσ

111 1333 213 1417 δόξης
234 1336 306 1399 οὐδ’
321 1336 404 1416 ὑπὲρ
428 1338 548 1420 μέρους
570 1341 677 1420 χώρας
698 1343 905 1420 πολεμοῦσιν,
930 1338 996 1402 ἀλλ’
1015 1339 1090 1401 άνα-

112 1442 259 1514 στάσεως
279 1440 335 1502 καὶ
358 1438 629 1522 ἀνδραποδισμοῦ
645 1450 702 1521 τῆς
716 1442 882 1520 πατρίδος,
905 1442 960 1503 καλ
976 1445 1089 1505 ἴσασιν

112 1541 138 1604 ά
159 1540 186 1604 τ’
201 1544 440 1624 Ἀμφιπολιτῶν
462 1542 594 1623 ἐποίησε
608 1546 687 1619 τοὺς
700 1545 910 1628 παραδόντας
926 1544 1015 1628 αὐτῷ
1030 1544 1091 1625 τὴν

110 1647 210 1710 πόλιν
232 1647 286 1708 καὶ
309 1647 490 1710 Πυδναίων
511 1649 589 1723 τοὺς
611 1646 890 1729 ὑποδεξαμένους·
924 1649 980 1711 καὶ
1009 1650 1090 1722 ὅλως

113 1755 264 1825 ἄπιστον,
288 1746 388 1832 οἶμαι,
411 1760 482 1826 ταῖς
503 1753 679 1827 πολιτείαις
701 1750 721 1833 ἡ
744 1753 908 1833 τυραννίς,
932 1755 1035 1826 άλλως
1055 1773 1090 1814 τε

111 1854 178 1918 κάν
200 1856 324 1935 ὅμορον
345 1860 455 1937 χώραν
471 1856 575 1938 ἔχωσι.
615 1860 704 1919 ταῦτ’
722 1851 783 1920 οὖν
798 1855 980 1936 ἐγνωκότας
995 1856 1119 1935 ὑμάς,6

113 1954 283 2038 ὦάνδρες
304 1951 482 2039 Ἀθηναῖοι,
506 1959 562 2022 καὶ
583 1962 670 2023 τᾶλλ’
694 1961 715 2021 δ
737 1964 894 2039 προσήκει
921 1961 1015 2022 πάντ’
1039 1957 1087 2021 ἐν·

110 2061 357 2142 θυμουμένους,
381 2062 464 2144 φημὶ
486 2063 557 2125 δεῖν
579 2060 731 2144 ἐθελῆσαι
759 2062 815 2125 καλ
841 2060 1087 2144 παροξυνθῆναι

110 2164 170 2228 καὶ
192 2171 236 2247 τῷ
251 2165 382 2248 πολέμφ
398 2166 568 2245 προσέχειν
583 2168 674 2248 εἴπερ
687 2165 765 2228 ποτὲ
788 2165 844 2228 καὶ
858 2173 931 2242 νῦν,
954 2165 1087 2246 χρήματ

110 2269 324 2352 εἰσφέροντας
345 2270 526 2351 προθύμως
539 2270 595 2332 καὶ
611 2270 733 2344 αὐτοὺς
755 2267 899 2345 ἐξιόντας
914 2269 969 2331 καὶ
983 2268 1088 2350 μηδὲν

111 2372 327 2445 ἐλλείποντας.
373 2372 451 2435 οὐδέ
479 2373 543 2453 γάρ
573 2373 669 2452 λόγος
692 2370 770 2434 οὐδὲ
795 2380 911 2451 σκῆψις
932 2370 981 2434 ἔθ’
1005 2371 1085 2452 ὑμῖν
1165 2436 1170 2443 ,

109 2479 173 2539 τοῦ
197 2475 240 2558 μὴ
262 2475 303 2539 τὰ
326 2475 444 2539 δέοντα
467 2485 575 2538 ποιεῖν
602 2474 727 2539 ἐθέλειν
750 2476 969 2538 ὑπολείπεται.
1013 2476 1117 2538 νυνὶῖ

111 2581 187 2662 γάρ,
209 2579 228 2642 ὃ
250 2580 368 2654 πάντες
383 2578 550 2661 ἐθρύλουν
563 2579 652 2659 τέως,
666 2576 859 2654 Ὀλυνθίους
873 2576 1089 2660 ἐκπολεμῆσαι

111 2684 184 2746 δεῖν
198 2684 358 2767 Φιλίππῳ,
381 2682 487 2764 γέγον’
500 2683 695 2764 αὐτόματον,
711 2684 766 2745 καὶ
780 2684 878 2746 ταῦθ
895 2680 938 2756 ὡς
953 2681 994 2744 άν
1008 2682 1089 2763 ὑμῖν

111 2788 250 2868 μάλιστα
273 2786 444 2868 συμφέροι.
483 2787 511 2849 εί
540 2786 599 2869 μὲν
621 2787 685 2867 γὰρ
707 2787 764 2868 ὑφ’
787 2786 881 2867 ὑμῶν
902 2785 1089 2860 πεισθέντες

112 2888 280 2952 ἀνείλοντο
302 2889 361 2952 τὸν
382 2889 535 2970 πόλεμον,
559 2889 715 2970 σφαλεροὶ
732 2889 894 2970 σύμμαχοι
916 2888 972 2950 καὶ
993 2888 1087 2970 μέχρι

110 3014 172 3056 τον
192 2996 282 3056 ταῦτ’
308 2992 349 3055 ἂν
372 2990 547 3073 ἐγνωκότες
569 2988 657 3073 ἦσαν
679 2995 771 3067 ἴσως·
795 2989 906 3070 ἐπειδὴ
923 2990 953 3052 δ’
970 2988 1088 3053 ἐκτῶν

110 3096 193 3179 πρὸς
215 3095 337 3171 αὐτοὺς
359 3094 568 3178 ἐγκλημάτων
590 3105 740 3177 μισοῦσι,
764 3096 899 3176 βεβαίαν
920 3093 1007 3168 είκὸς
1027 3093 1088 3175 τὴν

111 3199 236 3282 ἔχθραν
264 3198 386 3274 αὐτοὺς
413 3198 496 3280 ὑπὲρ
525 3197 572 3261 όν
595 3201 775 3282 φοβοῦνται
803 3199 859 3261 καλ
880 3198 1088 3261 πεπόνθασιν

111 3303 204 3385 ἔχειν.
239 3301 280 3365 οὐ
296 3302 347 3366 δεῖ
361 3301 402 3384 δὴ
417 3311 578 3381 τοιοῦτον,
602 3298 628 3366 ὦ
645 3302 761 3385 ἄνδρες
781 3299 962 3383 Ἀθηναῖοι,
984 3316 1116 3381 παρα-8

110 3406 301 3469 πεπτωκότα
323 3404 440 3487 καιρόν
463 3404 595 3488 άφεῖναι
617 3405 696 3468 οὐδὲ
711 3409 832 3468 παθεῖν
851 3404 982 3481 ταύτόν,
1008 3404 1086 3486 ὅπερ

109 3509 173 3592 ἤδη
195 3509 349 3585 πολλάκις
362 3509 524 3592 πρότερον
537 3508 732 3571 πεπόνθατε.
756 3508 785 3571 εί
799 3509 873 3590 γάρ,
898 3508 948 3569 ὅθ’
963 3507 1085 3586 ἥκομεν
