2484 3992
175 218 258 283 xlv
553 214 768 268 PRAEFATIO.

175 406 314 472 habitae
331 415 420 487 sunt,
436 403 662 491 Olynthiaeas
677 416 758 487 tres,
781 404 924 470 totidem
935 403 1164 491 Philippicas,

175 510 217 576 de
228 531 322 596 paee,
334 508 642 576 Chersonesitioam
660 531 725 574 uno
744 511 878 574 nomine
889 507 1164 593 Philippicarum

175 612 457 700 comprehendere
492 611 655 694 solemus,
687 613 810 698 quippe
843 610 965 697 quibus
999 613 1165 678 omnibus

176 715 234 782 ille
263 714 448 802 perieulum
477 716 512 778 in
542 713 615 779 dies
644 715 753 798 magis
783 713 1052 780 aMaoedonum
1079 737 1166 800 rege
1201 712 1203 767 ἶ

176 821 352 886 imminens
389 816 588 902 propulsare
626 827 770 882 conatus
808 819 863 883 sit.
920 817 1036 904 Neque
1078 841 1167 884 vero
1202 826 1203 829 ’

174 933 395 1009 posteaquam
432 919 478 985 ad
515 919 757 1006 rempublicam
794 922 957 1002 aeoessit,
1001 921 1166 988 iudiciali

69 1106 71 1113 Ι
177 1023 313 1090 dieendi
336 1045 459 1108 genere
488 1044 626 1108 prorsus
656 1022 839 1106 abstinuit3
873 1026 909 1089 in
938 1023 1035 1090 huius
1063 1026 1167 1091 modi

174 1129 365 1194 orationum
386 1149 523 1193 numero
547 1138 626 1192 sunt
650 1126 747 1210 duae,
770 1126 892 1213 quibus
907 1127 1165 1194 Demosthenes

175 1230 266 1319 apud
288 1230 416 1296 iudioes
439 1232 571 1316 aperuit
588 1251 719 1294 omnem
735 1252 829 1295 suam
844 1230 1055 1296 voluntatem
1078 1254 1164 1298 eon·

177 1334 336 1420 siliaque,
365 1355 452 1419 quae
476 1332 518 1398 de
541 1332 714 1419 republica
737 1332 871 1416 habuit,
898 1356 966 1398 una
988 1328 1042 1398 ‘de
1066 1335 1164 1401 falsa

176 1432 355 1519 legatione'
381 1437 466 1517 (aspi
489 1443 546 1517 τῆς
567 1437 852 1520 παραπρεσβείας),
876 1459 942 1522 qua
959 1439 1030 1523 ipse
1054 1460 1163 1504 aecu-

176 1539 483 1613 savitAesohinem
493 1534 803 1605 altera‘deoorona’
815 1542 966 1622 (περὶτοῦ
974 1542 1163 1623 στεφάνου)

176 1641 340 1707 adversus
364 1641 507 1707 eundem
528 1663 589 1727 pro
605 1639 827 1727 Ctesiphonte
848 1641 977 1725 habita,
1008 1647 1164 1709 omnium

175 1744 514 1811 Demostheniearum
535 1744 637 1810 facile
659 1747 825 1831 princeps.

279 1867 415 1933 Summa
440 1878 555 1932 autem
577 1869 785 1950 orationum,
808 1889 894 1953 quae
916 1866 1162 1935 Demosthenis

175 1992 295 2035 nomen
307 1993 389 2055 prae
406 1993 442 2035 se
458 1971 581 2054 ierunt,
598 1980 649 2035 est
661 1969 760 2050 lixi).
796 1970 870 2051 Quo
887 1982 1001 2036 tamen
1016 1993 1160 2038 numero

175 2073 503 2158 comprehenduntur
525 2075 662 2139 oireiter
676 2090 788 2154 xxvu,
811 2095 896 2159 quas
911 2073 955 2138 ab
972 2074 1049 2138 aliis
1065 2096 1160 2141 eom·

175 2177 304 2263 positas
329 2199 403 2241 esse
425 2176 527 2241 hodie
542 2178 607 2241 viri
625 2176 716 2241 docti
733 2176 787 2241 vel
811 2198 925 2241 omnes
948 2176 1002 2241 vel
1018 2177 1161 2261 plurimi

176 2282 408 2363 consentiunt3
430 2280 536 2345 veluti
555 2302 641 2365 quae
662 2276 924 2344 inscribitur‘de
936 2279 1159 2364 Halonneso',

177 2407 251 2449 eam
274 2387 341 2450 iam
357 2395 488 2449 veteres
513 2383 650 2469 quidam
665 2394 757 2449 reete
772 2383 1027 2468 adscripserunt
1043 2383 1159 2468 Hege-

176 2491 281 2575 sippo.
316 2487 494 2554 Accedunt
517 2487 695 2572 Epistulae
718 2510 780 2552 sex
802 2498 835 2552 et
850 2486 1077 2551 Exordiorum
1092 2503 1160 2555 LVI

176 2592 331 2657 oolleotio
349 2591 542 2675 (προοίμια),
566 2590 608 2655 de
625 2589 757 2675 quibus,
773 2612 853 2655 num
868 2589 1069 2655 tribuendae
1086 2592 1158 2657 sint

175 2695 407 2778 Demostheni,
431 2696 621 2759 sententiae
637 2694 738 2758 hodie
754 2716 885 2780 quoque
901 2695 1088 2758 variantur.

177 2838 216 2845 ..ἡ

278 2936 304 3001 a)
339 2935 502 2985 Duodecimo
533 2934 592 2984 loeo
621 2936 692 2983 iutra
716 2936 866 2984 orationum
895 2935 989 2984 seriem
1017 2935 1047 2983 in
1077 2933 1156 2984 libris

176 3040 257 3073 manu
275 3025 380 3087 seriptis
398 3026 552 3071 numeratur
569 3021 694 3086 Epistula
711 3021 839 3086 Philippi,
858 3021 933 3070 cuius
952 3021 1082 3069 rationem
1099 3036 1156 3069 non

176 3110 312 3160 habemus.

589 3286 741 3293 *-
