2484 3992
168 278 208 343 78
431 278 507 343 VII.
532 277 886 340 ΛΗΜΟΣΘΕΝΟΤΣ

164 467 242 542 τοὺς
264 467 454 548 συμμάχους
481 464 518 530 ἐν
544 467 679 541 ταύταις
705 465 794 530 ἐστὶν
814 464 855 528 τὰ
878 465 1019 543 δίκαια),
1049 462 1087 528 ἐν
1110 465 1150 529 δὲ

165 579 237 645 ταῖς
250 579 474 652 παρασκευαῖς
486 579 558 646 ταῖς
571 579 632 633 τοῦ
647 570 792 652 πολέμου
806 571 969 653 φοβεροὺς
983 571 1039 632 καὶ
1056 574 1150 651 χαλε-

166 674 250 749 ποὺς
271 671 511 737 ἐπιδεικνύναι·
539 674 622 755 πρὸς
643 675 708 755 γὰρ
729 675 806 748 τοὺς
828 672 969 754 ἐχθροὺς
989 673 1045 734 καὶ
1067 675 1152 749 τοὺς

124 792 158 841 34
168 776 367 852 ἀντιπάλους
389 775 512 852 ἐκεῖνός
533 776 602 841 ἐσθ’
620 777 720 857 ἀγών.
743 786 807 840 νῦν
821 778 857 841 δὲ
874 775 1151 858 δημαγωγοῦντες

167 879 252 962 ὑμᾶς
274 881 330 942 καὶ
350 880 555 962 χαριζόμενοι
576 883 652 944 καθ’
668 878 860 962 ὑπερβολήν,
884 881 971 942 οὕτω
986 880 1149 943 διατεθεί-

168 1000 274 1061 κασιν,
297 984 372 1046 ὥστ’
396 983 433 1047 έν
455 983 516 1065 μὲν
537 993 608 1058 ταῖς
624 983 808 1064 ἐκκλησίαις
821 992 952 1067 τρυφάν
974 984 1029 1045 καὶ
1053 987 1149 1047 κολα-

167 1088 324 1149 κεύεσθαι
344 1088 452 1151 πάντα
474 1087 556 1169 πρὸς
578 1087 704 1168 ἡδονήν
727 1087 926 1165 ἀκούοντας,
957 1085 993 1149 έν
1021 1086 1058 1149 δὲ
1080 1098 1151 1162 τοῖς

168 1193 336 1274 πράγμασι
357 1194 414 1255 καὶ
435 1202 504 1267 τοῖς
526 1193 732 1273 γιγνομένοις
753 1191 908 1275 περὶτῶν
923 1190 1068 1272 ἐσχάτων
1083 1191 1148 1271 ήδη

169 1295 384 1359 κινδυνεύειν.
430 1297 508 1378 φέρε
541 1297 604 1378 γὰρ
636 1294 718 1377 πρὸς
745 1297 837 1373 Διός,
870 1295 899 1358 εί
931 1295 1029 1375 λόγον
1063 1294 1150 1376 ὑμᾶς

169 1397 384 1479 ἀπαιτήσειαν
405 1399 437 1461 ολ
464 1398 616 1481 Ἓλληνες
647 1398 693 1463 ὧν
719 1399 796 1462 νυνὶ
823 1399 996 1480 παρείκατε
1023 1408 1150 1480 καιρῶν

126 1509 226 1573 εσδιὰ
249 1508 432 1593 ρᾳθυμίαν,
460 1511 516 1573 καῖ
537 1509 661 1591 ἔροινθ’
684 1509 778 1592 ὑμᾶς,
811 1508 948 1593 ,ἀνδρες
966 1505 1148 1591 Ἀθηναῖοι,

170 1614 307 1694 πέμπεθ’
333 1611 376 1688 ὡς
403 1613 488 1696 ήμοῖς
510 1612 661 1677 ἑκάστοτε
690 1614 839 1696 πρέσβεις
866 1613 922 1676 καί
948 1609 1071 1693 λέγεθ’,
1108 1611 1150 1687 ὡς

170 1715 374 1798 ἐπιβουλεύει
389 1718 548 1791 Φίλιππος
569 1718 649 1799 ήμῖν
670 1718 725 1780 καί
747 1722 828 1781 πάσι
849 1727 917 1790 τοῖς
932 1713 1072 1796 Ἕλλησι,
1096 1718 1150 1778 καί

172 1820 216 1896 ὡς
237 1823 462 1904 φυλάττεσθαι
496 1823 549 1885 δεῖ
577 1821 636 1885 τὸν
665 1823 854 1903 ἄνθρωπον,
887 1822 943 1884 καὶ
975 1822 1085 1885 πάντα
1112 1823 1151 1886 τὰ

170 1923 334 2005 τοιαυτία,
365 1925 491 2009 ἀνάγκη
520 1927 660 2008 φάσκειν
687 1926 742 1988 καὶ
771 1926 956 2008 ὁμολογεῖν·
990 1935 1152 2009 ποιοῦμεν

172 2031 235 2112 γὰρ
257 2033 370 2094 ταῦτα.
418 2025 503 2113 ,εἷτ’,
527 2026 553 2092 ὦ
576 2031 710 2093 πάντων
732 2030 918 2113 ἀνθρώπων
939 2031 1151 2112 φαυλότατοι,

173 2135 253 2197 δέκα
274 2140 380 2215 μῆνας
407 2133 652 2215 ἀπογενομένου
680 2133 880 2215 τάνθρώπου
902 2133 957 2196 καὶ
983 2135 1074 2217 νόσφ
1098 2134 1154 2197 καί

172 2246 306 2319 χειμῶνι
341 2239 397 2300 καὶ
428 2237 582 2319 πολέμοις
616 2237 879 2319 ἀποληφθέντος,
917 2238 997 2300 ὥστε
1031 2237 1076 2318 μὴ
1113 2237 1154 2300 ἀν

129 2356 162 2404 36
173 2340 338 2403 δύνασθαι
361 2340 554 2405 ἐπανελθεῖν
576 2340 699 2418 οἴκαδε,
722 2340 798 2402 οὔτε
819 2339 880 2420 τήν
891 2341 1040 2421 Εὔβοιαν
1063 2340 1153 2421 ήλευ

171 2448 347 2527 θερώσατε,
382 2447 457 2508 οὔτε
490 2452 556 2507 τῶν
588 2443 755 2525 ὑμετέρων
783 2445 893 2505 αὐτῶν
920 2443 1021 2506 οὐδέν
1048 2442 1153 2526 έκομί-

173 2551 293 2628 σασθε,·
316 2547 384 2610 ἀλλ’
401 2546 524 2621 ἐκεῖνος
538 2547 609 2629 μέν,
625 2546 718 2627 ὑμῶν
733 2549 818 2607 οἴκοι
831 2547 1010 2627 μενόντων,
1034 2546 1153 2628 σχολήν

173 2651 332 2732 ἀγόντων,
355 2648 589 2733 ὑγιαινόντωνα
622 2651 665 2731 (εἰ
687 2650 728 2731 δὴ
757 2651 835 2725 τοὺς
855 2652 897 2713 τὰ
924 2659 1063 2713 τοιαῦτα
1085 2673 1152 2714 ποι-

173 2765 293 2830 οῦντας
315 2754 478 2837 ὑγιαίνειν
500 2755 653 2837 φήσαιεν)
680 2755 751 2837 ,δύ’
774 2753 812 2817 ἐν
826 2754 955 2837 Εὐβοίᾳ
977 2754 1153 2837 κατέστησε

173 2861 368 2941 τυράννους,
390 2859 531 2941 τὸνμὲν
554 2859 736 2941 ἀπαντικρὺ
765 2867 823 2939 τῆς
844 2862 986 2939 Ἀττικῆς
1009 2857 1152 2940 ἐπιτειχί-

130 2979 162 3028 37
175 2980 242 3043 σας,
265 2963 323 3028 τόν
346 2963 376 3026 δ’
392 2963 445 3028 ἐπὶ
468 2964 630 3041 Σκίαθον,
653 2962 744 3044 ὑμεῖς
766 2964 794 3025 δ’
819 2962 898 3025 οὐδὲ
919 2963 1011 3024 ταῦτ’
1036 2961 1152 3025 ἀπελό·

175 3073 288 3147 σασθε,
304 3067 333 3130 εί
343 3067 447 3149 μηδὲν
459 3069 525 3130 ἀλλ’
541 3065 726 3148 έβούλεσθε,
743 3065 809 3128 ἀλλ’
827 3065 971 3144 εἰάκατε,
993 3063 1152 3146 ἀφέστατε

175 3172 277 3254 δήλου
310 3172 360 3235 ότι
374 3190 377 3195 ’
393 3172 482 3255 αὐτῷ
506 3171 561 3234 καὶ
583 3169 729 3252 φανερὸν
755 3168 967 3249 πεποιήκατε,
1003 3168 1053 3231 ότι
1082 3167 1152 3231 οὐδ’

174 3268 218 3338 άν
239 3275 371 3349 δεκάκις
400 3273 571 3356 ἀποθάνῃ,
606 3273 706 3336 οὐδὲν
739 3274 862 3353 μάλλον
895 3270 1079 3352 κινήσεσθε.
1124 3272 1155 3334 τί

176 3375 239 3442 οὖν
258 3379 479 3460 πρεσβεύεσθε
501 3377 557 3440 καὶ
578 3385 786 3458 κατηγορεῖτε
808 3375 864 3438 καῖ
884 3376 1052 3457 πράγμαθ
1076 3374 1154 3457 ἡμῖν

175 3477 362 3564 παρέχετεά
389 3474 432 3543 ἀν
444 3488 549 3543 ταῦτα
563 3479 690 3560 λέγωσι,
713 3479 746 3542 τί
759 3478 900 3562 ἐροῦμεν
913 3477 934 3560 ή
948 3478 982 3541 τί
995 3478 1152 3561 φήσομεν,

177 3581 202 3647 ὦ
227 3584 343 3665 ἀνδρες
365 3586 548 3663 Ἀθηναῖοι,
571 3580 637 3664 ἐγὼ
658 3581 719 3663 μὲν
741 3583 806 3665 γάρ
829 3582 889 3664 οὐχ
911 3581 987 3664 δρῶ.
