2484 3992
169 268 231 332 104
406 268 499 335 VIII.
528 270 888 334 ΔΗΜΟΣΘΕΝΟΤΣ

160 457 189 519 δ’
214 455 314 519 οὐδὲν
336 457 408 520 δεῖν
429 456 572 540 ἔφασαν·
595 458 749 538 πολεμεῖν
763 455 819 519 καλ
840 455 884 536 μή
908 455 1086 533 πιστεύειν,
1113 454 1150 517 οἱ

165 560 193 623 δ’
222 562 315 641 ἄγειν
344 559 493 643 είρήνην,
527 557 589 636 ἕως
614 558 912 643 ἐγκατελήφθησαν.
956 560 1056 621 τάλλα
1085 558 1149 636 τδγ

165 662 269 727 αὐτὸν
290 664 413 747 τρόπον
434 659 526 745 οἶμαι
546 664 659 743 πάνθ’,
682 662 737 728 ἵνα
753 661 796 745 μή
811 665 889 726 καθ’
905 660 1025 727 ἕκαστά
1046 663 1146 744 λέγω·

163 768 195 831 οἱ
217 768 279 849 μὲν
300 767 350 851 ἐφ’
374 766 424 842 οίς
444 776 647 851 χαριοῦνται,
670 771 759 830 ταῦτ’
783 766 906 849 ἔλεγον,
929 765 962 830 ολ
984 768 1012 830 δ’
1036 765 1070 844 ἐξ
1097 765 1148 831 ὧν

165 872 299 954 ἔμελλον
314 871 537 953 σωθήσεσθαι.
566 872 671 935 πολλὰ
694 870 730 934 δὲ
752 871 808 934 καλ
829 871 870 934 τὰ
891 873 1062 935 τελευταῖα
1083 870 1147 953 οὐχ

166 977 271 1051 οὕτως
292 975 374 1060 πρὸς
395 977 492 1059 χάριν
513 974 593 1039 οὐδὲ
616 975 661 1038 δι’
686 979 824 1057 ἀγνοιαν
846 973 878 1037 ολ
899 975 1014 1038 πολλοὶ
1028 975 1146 1058 προσί·

165 1101 248 1158 εντο,
273 1079 340 1142 ἀλλ’
364 1079 709 1162 ὑποκατακλινόμενοι,
733 1077 844 1161 ἐπειδή
862 1088 931 1154 τοῖς
946 1079 1033 1155 όλυις
1047 1078 1144 1161 ήττοῖ-

120 1197 152 1245 63
164 1188 243 1246 σθαι
266 1181 422 1264 ἐνόμιζον.
455 1182 473 1245 ὃ
496 1184 538 1263 νή
560 1182 618 1246 τὸν
633 1184 701 1246 Δία
715 1183 771 1245 καλ
792 1181 850 1247 τὸν
862 1183 1004 1247 Ἀπόλλω
1020 1183 1144 1246 δέδοικ’

164 1287 227 1370 ἐγὼ
249 1287 294 1370 μή
322 1289 448 1369 πάθηθ’
477 1286 585 1369 ὑμεῖς,
613 1284 747 1350 ἐπειδὰν
775 1286 874 1368 εἰδῆτ’
903 1285 1143 1369 ἐκλογιζόμενοι

164 1391 268 1473 μηδὲν
283 1390 331 1454 ἔθ’
347 1390 428 1473 ὑμῖν
443 1388 527 1455 ἐνόν.
559 1390 666 1453 καίτοι
681 1389 725 1472 μή
740 1390 868 1471 γίνοιτο
887 1390 958 1471 μίν,
981 1385 1009 1452 ὦ
1024 1390 1144 1474 ἄνδρες

161 1493 340 1577 Ἀθηναῖοι,
356 1496 396 1557 τὰ
408 1492 569 1579 πράγματ’
583 1493 621 1558 ἐν
631 1495 751 1580 τούτῳ·
767 1497 925 1558 τεθνάναι
940 1494 978 1558 δὲ
988 1495 1143 1578 μυριάκις

118 1615 151 1663 64
161 1607 308 1682 κρεῖττον
334 1597 354 1680 ἢ
378 1599 531 1682 κολακεία
552 1620 584 1662 τι
605 1606 741 1680 ποιήσαι
765 1599 941 1663 Φιλίππου.
986 1599 1092 1680 καλήν
1114 1603 1141 1680 γ’

163 1702 196 1766 ολ
217 1702 332 1766 πολλοὶ
358 1711 423 1766 νῦν
446 1702 666 1785 ἀπειλήφασιν
686 1699 840 1786 Ὠρειτῶν
861 1704 973 1787 χάριν,
1003 1703 1054 1766 ότι
1077 1712 1145 1779 τοῖς

164 1807 329 1869 Φιλίππου
352 1807 459 1888 φίλοις
481 1804 664 1888 ἐπέτρεψαν
686 1806 817 1885 αὐτούς,
842 1804 900 1870 τὸν
921 1806 950 1869 δ’
965 1806 1143 1891 Εὐφραῖον

161 1908 309 1973 ἐώθουν·
332 1909 436 1991 καλήν
457 1910 486 1991 γ’
504 1910 522 1971 ὁ
537 1910 641 1991 δῆμος
655 1904 885 1991 όἘρετριέων,
909 1910 959 1973 ότι
973 1911 1053 1984 τοὺς
1068 1910 1142 1994 δμε-

159 2015 276 2098 τέρους
286 2015 435 2097 πρέσβεις
447 2012 603 2095 ἀπήλασε,
610 2013 798 2099 Κλειτάρχῳ
810 2012 839 2076 δ’
851 2012 1012 2077 ἐνέδωκεν
1024 2014 1142 2080 αὐτόν’

162 2118 363 2180 δουλεύουσί
375 2139 411 2198 γε
433 2117 692 2198 μαστιγούμενοι
707 2118 763 2181 καλ
778 2118 1006 2200 σφαττόμενοι.
1038 2123 1144 2195 καλῶς

157 2219 337 2286 Ὀλυνθίων
359 2220 521 2305 ἐφείσατο,
544 2229 611 2285 τῶν
625 2221 683 2285 τὸν
705 2221 765 2304 μὲν
776 2222 954 2304 Λασθένην
976 2221 1141 2308 ἵππαρχον

159 2327 474 2410 χειροτονησάντων,
508 2324 568 2388 τὸν
595 2325 624 2388 δ’
654 2325 892 2407 Ἀπολλωνίδην
925 2323 1141 2406 ἐκβαλόντων.

116 2444 149 2493 65
159 2431 265 2512 μωρία
278 2429 334 2492 καλ
345 2432 444 2492 κακία
455 2429 495 2492 τδι
506 2431 630 2492 τοιαδί
644 2426 791 2508 ἐλπίζειν,
802 2429 858 2492 καλ
869 2437 977 2505 κακῶς
985 2431 1140 2511 βουλευο·
1233 2418 1234 2433 ³

158 2534 280 2615 μένους
302 2533 357 2595 καλ
380 2531 483 2615 μηδὲν
500 2531 547 2595 ὧν
560 2536 717 2615 προσήκει
731 2541 839 2596 ποιεῖν
854 2532 1039 2614 ἐθέλοντας,
1063 2535 1141 2599 ἀλλὰ
1233 2536 1234 2611 λ

161 2646 228 2700 τῶν
250 2636 334 2720 ὑπὲρ
361 2645 428 2700 τῶν
456 2634 583 2719 ἐχθρόν
611 2635 774 2718 λεγόντων
802 2636 1034 2718 ἀκροωμένους
1061 2642 1140 2722 τηλι-

161 2741 288 2820 καύτην
309 2738 463 2821 ἡγεῖσθαι
485 2739 581 2803 πόλιν
604 2739 707 2802 οίκεῖν
727 2739 765 2803 τὸ
788 2739 936 2821 μέγεθος,
960 2741 1044 2804 ὥστε
1067 2742 1138 2824 μηδ’

117 2858 150 2906 66
162 2842 204 2905 διν
216 2842 329 2905 ὁτιοῦν
341 2831 362 2927 ᾖ
375 2841 487 2906 δεινὸν
497 2842 680 2905 πείσεσθαι.
704 2842 760 2906 καλ
770 2843 837 2925 μήν
848 2842 954 2907 ἐκεῖνό
964 2847 995 2926 γ’
1008 2845 1140 2929 αἰσχρόν

161 2948 300 3032 ὕστερόν
321 2950 391 3011 ποτ’
406 2947 510 3010 εἰπεῖν
527 2947 594 3030 ,τίς
608 2947 672 3030 γὰρ
689 2947 730 3010 ἀν
744 2943 841 3036 ρίήθη
853 2956 957 3010 ταῦτα
967 2949 1137 3030 γενέσθαι,

158 3052 199 3134 νὴ
222 3052 281 3116 τὸν
303 3055 375 3132 Δί’,
411 3052 477 3116 ἐδει
502 3051 568 3135 γάρ
596 3050 633 3114 τὸ
661 3050 717 3114 καλ
744 3051 782 3114 τὸ
802 3059 939 3134 ποιήσαι
962 3053 1018 3115 καλ
1039 3053 1078 3116 τὸ
1098 3053 1138 3134 μή
1233 3056 1234 3127 ξ

156 3152 322 3236 ποιήσαι.“
347 3155 437 3218 πόλλ’
451 3155 493 3217 ἀν
508 3155 610 3217 εἰπεῖν
622 3149 901 3237 ἔχοιενΌλύνθιοι
911 3163 984 3232 νῦν,
997 3156 1019 3217 ἃ
1030 3157 1096 3220 τότ’
1107 3156 1133 3219 εί

155 3258 357 3339 προείδοντο,
373 3258 435 3321 οὐκ
451 3257 493 3320 ἀν
508 3257 700 3320 ἀπώλοντο·
723 3259 812 3321 πόλλ’
826 3256 867 3319 ἂν
876 3253 1026 3341 Ὠρεῖται,
1038 3260 1136 3322 πολλά
1233 3302 1234 3323 η

116 3375 148 3423 67
162 3361 298 3436 Φωκεῖς,
321 3360 424 3422 πολλὰ
441 3368 506 3423 τῶν
522 3360 738 3424 ἀπολωλότων
754 3358 894 3424 ἕκαστοι.
923 3360 1005 3424 ἀλλὰ
1020 3362 1054 3424 τί
1065 3363 1134 3425 τού·
1233 3380 1234 3407 ³

159 3483 227 3524 των
251 3462 366 3541 ὄφελος
389 3459 515 3537 αὐτοῖς;
538 3459 599 3536 ἕως
615 3461 657 3525 ἂν
673 3464 809 3547 σῴζηται
823 3462 861 3526 τὸ
877 3464 1010 3546 σκάφος,
1039 3466 1083 3528 ἀν
1102 3486 1133 3528 τε

158 3564 266 3642 μεῖζον
282 3563 324 3623 ἀν
338 3560 364 3622 τ’
381 3558 514 3624 ἔλαττον
529 3551 560 3644 ᾗ,
583 3564 654 3626 τότε
668 3565 728 3647 χρὴ
743 3566 799 3627 καλ
813 3567 940 3649 ναύτην
953 3567 1010 3629 καλ
1026 3569 1134 3651 κυβερ-
