2484 3992
339 348 342 357 V
433 267 549 319 INDEX
566 267 748 320 NOMINUM.
1016 270 1079 336 125

94 454 287 522 Δοογγλλος
315 457 446 508 Thraciae
468 457 562 509 castel·
648 457 771 509 omnibns
806 458 916 509 urbibus
946 461 1075 511 constitu·

131 543 195 594 lum.
649 547 727 596 entis.

325 664 358 715 E·
613 629 1076 698 Eddooioesspintharifllins,vir

647 718 836 769 Demosthenis
846 725 934 770 aetate
952 722 981 770 in
998 735 1076 787 repu-

648 804 719 854 blica
736 805 881 871 plurimum
892 806 1006 872 pollens.
1024 807 1076 856 Re-

647 890 747 941 ditibus
756 892 870 957 publicis
883 893 1026 958 prudenter
1035 909 1075 943 or-

648 976 773 1028 dinandis
796 980 891 1028 aerarii
910 979 1017 1045 quidem
1034 980 1074 1029 in·

647 1064 736 1128 opiam
754 1064 870 1128 sustulit,
887 1070 978 1115 tamen
994 1066 1075 1130 largi·

647 1150 766 1200 tionibus
784 1165 856 1216 opes,
880 1166 947 1216 quas
965 1165 1074 1216 conges-

646 1237 689 1298 sit,
724 1236 849 1302 profudit.
890 1236 978 1298 Quare
1014 1239 1080 1288 cum'

647 1336 751 1387 semper
767 1322 891 1372 laudator
911 1328 982 1373 esset
999 1325 1074 1388 pacis

645 1408 689 1459 vel
702 1411 816 1459 maxime
828 1410 1032 1475 ignominiosae,
1044 1411 1073 1459 in

646 1495 783 1561 republica
801 1496 1014 1548 administranda
1024 1498 1073 1546 im-

645 1583 737 1647 primis
765 1583 955 1634 adversabatur
976 1584 1074 1634 Demo·

95 765 253 819 Ἐλάτεια
270 768 396 820 Phocidis
409 769 543 835 oppidum.

94 852 334 922 'liisoolcpagns
340 856 561 922 Hippothontidis

129 942 230 1006 tribus;
248 943 311 994 inde
326 935 506 994 Ἐλευσῖνάδε.

96 1025 113 1094 ἡ
131 1019 248 1086 Ἑλλάς
260 1031 373 1095 passim3
391 1030 454 1079 inde
466 1024 493 1080 οἱ
500 1023 559 1078 Ἕλ-

128 1115 216 1181 ληοες,
233 1109 393 1182 Ἑλληνικός,
410 1107 560 1182 Ἑλληνίδες

129 1198 230 1260 πόλεις.

96 1281 345 1353 Ἑλλήσποντος
366 1286 558 1354 Hellespontus

128 1375 187 1440 ipse
204 1372 249 1425 vel
266 1374 346 1425 nrbes
358 1374 392 1426 ad
403 1390 465 1425 eum
483 1375 558 1424 sitae.

93 1453 296 1527 Ἐξήκεστος
314 1461 441 1512 medicus.

93 1539 250 1614 Ἐργίσκη
267 1548 398 1598 Thraciae
410 1546 558 1599 castellum.

93 1641 246 1717 Ἐοέτοια
263 1651 556 1716 urbsnuboene31nde
646 1669 742 1734 stheni,
761 1669 903 1721 sensnm
915 1675 943 1720 st
953 1669 1074 1736 Philippi

131 1733 557 1804 'lipeopcslcUbiPhilippusOli-
645 1761 703 1806 erat
720 1756 862 1807 studiosus,

128 1823 248 1874 sarchum
257 1829 401 1889 tyrannum
410 1825 556 1875 constituit.
609 1839 835 1908 Εὐθυκράτης
851 1841 997 1908 Olynthius
1015 1857 1073 1908 pro.

2 1917 3 1934 *
94 1918 356 1994 ’Epodpociocqui
371 1925 508 1995 Ἐρυθράς
517 1930 556 1977 in·
645 1928 721 1978 ditor.

2 2009 3 2046 i

128 2013 264 2077 colebant,
290 2014 383 2064 urbem
409 2016 437 2064 in
463 2015 557 2066 Ioniae
605 2010 803 2081 Εὐρύλοχος
820 2013 941 2080 Philippi
959 2013 1020 2065 dux.

129 2116 175 2151 ora
201 2100 376 2152 exadversum
399 2100 496 2152 Chium
522 2103 556 2150 si·
608 2098 792 2167 Εὐφραῖος
814 2099 892 2151 Orita
917 2101 1073 2168 prinsquam

127 2192 189 2237 tam.
645 2187 790 2238 domestico
803 2189 948 2238 certamine
957 2189 1073 2254 partium

2 2276 3 2287 ¹
94 2269 254 2342 Εὐβοεῖς,
282 2271 424 2342 Εὔβοια.
469 2274 555 2336 Quam
642 2273 832 2339 implicaretur,
851 2274 1073 2325 AthenisPlato·

127 2360 554 2412 insulamcumadorirentanhe·
642 2375 704 2410 nem
723 2360 864 2424 audivisse,
887 2359 985 2410 deinde
1001 2360 1073 2426 apud

126 2447 203 2511 bani,
226 2447 405 2498 Athenienses
431 2445 554 2497 deiende·
641 2445 1073 2552 Perdiccamldaoedonumregem

127 2539 189 2585 runt
202 2539 309 2585 auctore
318 2535 457 2585 Timotheo
470 2535 554 2600 copiis
641 2533 742 2583 vixisse
760 2532 865 2583 dicitnr.

128 2621 216 2672 subito
243 2619 309 2670 illuc
336 2619 436 2671 auxilio
465 2621 554 2671 missis
609 2615 739 2685 Ἐχιοος
768 2619 894 2686 oppidum
921 2618 955 2669 ad
984 2619 1072 2669 sinum

123 2705 205 2772 (357).
248 2706 359 2773 Aliquot
388 2708 466 2759 annis
495 2712 555 2773 post
641 2705 787 2757 Maliacum
805 2709 894 2757 situm.

126 2777 554 2860 (ddssldissuadsnteDemosthens
827 2827 857 2877 Ζ.

126 2881 257 2930 miserunt
268 2881 421 2944 exercitum,
434 2881 480 2946 qni
489 2880 554 2929 Plu-

125 2965 218 3016 tancho
223 2964 344 3017 Eretriae
352 2971 467 3031 tyranno
477 2980 554 3032 opem

124 3052 212 3117 ferret,
230 3052 322 3119 ibique
339 3057 394 3102 tam
411 3050 482 3102 male
498 3067 554 3102 rem

126 3143 274 3204 gesserunt,
292 3143 323 3189 ut
341 3139 446 3205 magnis
466 3153 553 3204 sump-

124 3224 197 3276 tibus
220 3226 249 3275 in
266 3224 367 3276 bellum
384 3225 463 3276 factis
486 3224 553 3276 mul·

124 3311 215 3377 tisqne
235 3311 341 3361 amissis
352 3308 553 3362 {manderetur
823 3301 859 3356 H·

125 3397 299 3449 discederent.
318 3396 377 3460 Quo
390 3413 423 3449 ex
434 3403 553 3463 tempore
606 3394 818 3465 Ἡγήσιππος
828 3397 1069 3450 oratorhthenien-

124 3488 181 3534 tota
198 3483 289 3533 insula
306 3483 415 3535 devenit
431 3485 462 3533 in
479 3488 552 3549 pote·
642 3487 725 3548 sium,
753 3485 860 3551 legatus
886 3500 947 3536 cum
973 3484 1070 3532 Demo-

126 3575 223 3620 statem
235 3559 365 3635 ‘Philippi
382 3574 514 3634 tyrannos
534 3570 562 3618 in
643 3570 750 3633 sthen03
761 3571 831 3621 idem
838 3577 930 3622 auctor
935 3570 1071 3632 orationis,

608 2918 728 2972 Ζέλεια
745 2922 808 2971 urbs
826 2921 907 2972 Asiae
926 2924 955 2972 in
967 2922 1071 2972 Troade

642 3010 706 3073 sita3
724 3007 787 3057 inde
806 3006 936 3074 Ζελείτης.

608 3092 692 3151 Ζεύς
709 3092 752 3160 (νὴ
765 3092 829 3158 Δία,
847 3090 880 3158 νὴ
893 3090 943 3143 τὸν
955 3091 1019 3154 Δία,
1032 3091 1071 3158 μὰ

641 3177 689 3229 τὸν
707 3179 771 3243 Δία,
789 3177 858 3247 πρὸς
870 3177 955 3246 Διός).
