2484 3992
13 148 15 163 ι

13 172 15 231 λ

13 238 14 253 ι

13 344 15 367 Ι

237 274 350 336 ΠΕΡΙ
370 272 469 337 νειμ
486 274 554 337 EN
571 274 875 355 κεΡΡοΝιιΣιιι.
1006 275 1049 340 83

179 462 220 524 Τί
238 464 309 525 ποτ’
333 457 395 526 οὖν
416 460 483 528 ἐστι
498 462 536 527 τὸ
551 465 666 542 αίτιον,
691 458 850 545 δάνδρες
869 459 1092 546 Ἀδηναῑοησσ

13 542 14 579 ³
72 562 108 627 τὸ
129 564 189 629 τὸν
211 567 272 647 μὲν
298 567 385 631 ούτω
412 576 562 651 φανερῶς
590 569 824 652 στρατεύοντα,
859 566 1049 649 ἀδικοῦντα,

72 669 180 746 πόλεις
202 671 493 753 καταλαμβάνοντα
515 671 639 753 μηδένα
660 672 788 734 τούτων
809 672 931 735 πώποτ’
947 672 1051 736 εἰπεῖν

74 770 116 848 ὡς
137 774 281 856 πόλεμον
302 783 398 852 ποιεῖ,
420 775 497 849 τοὺς
519 775 556 838 δὲ
578 774 622 856 μὴ
652 773 834 855 ἐπιτρέπειν
861 774 944 856 μηδὲ
973 795 1050 856 προ-

74 875 185 940 ἵεσθαι
206 880 312 941 ταῦτα
334 877 636 959 συμβουλεύοντας,
664 879 803 953 τούτους
828 877 887 941 τὸν
907 879 1050 960 πόλεμον

73 981 222 1063 ποιήσειν
245 981 431 1062 αίτιάσθαις
463 979 527 1063 ἐγὼ
550 979 685 1057 διδάξσν
715 982 764 1045 ὅτι
785 981 846 1064 τὴν
868 980 979 1065 ἀργήν,
1009 982 1092 1065 ἣνστ

74 1085 159 1160 είκός
181 1084 251 1148 ἐστι
278 1085 432 1167 γενέσθαι
459 1087 535 1168 παρ’
565 1083 673 1167 ὑμῶν,
707 1088 803 1149 ἀντι
829 1087 977 1167 λυπῆσθε
1007 1095 1051 1164 τῷ
1097 1070 1100 1075 ’

74 1189 213 1271 πολέμῳ,
248 1187 294 1262 είς
325 1188 403 1262 τοὺς
430 1187 514 1271 ύτρ
544 1186 638 1270 ὑμῶν
667 1189 821 1270 λέγοντας
841 1189 881 1252 τὰ
903 1189 1052 1270 βέλτιστα

74 1292 191 1375 τρέψαι
213 1292 399 1372 βούλονται,
423 1290 478 1355 λ’να
500 1293 639 1367 τούτους
660 1293 800 1375 κρίνητε,
823 1292 867 1374 μὴ
890 1295 1053 1358 Φίλιππον

76 1392 263 1476 ἀμύνησθε,
297 1394 352 1458 καὶ
373 1403 600 1478 κατηγορῶσιν
622 1393 726 1473 αὐτοί,
758 1395 802 1477 μὴ
833 1395 930 1478 δίκην
951 1395 1055 1460 δῶσιν

76 1497 124 1562 ὧν
143 1501 279 1563 ποιούσι
300 1502 372 1562 νύν.
402 1502 490 1563 τοῦτ’
515 1500 627 1574 αὐτοῖς
649 1500 789 1563 δύναται
810 1498 849 1563 τὸ
870 1500 987 1581 λέγειν,
1010 1499 1055 1575 ὡς

76 1605 141 1686 ἀρα
164 1604 340 1685 βούλονται
360 1602 506 1684 πόλεμόν
526 1622 612 1678 τινες
633 1612 767 1685 ποιῆσαι
788 1609 864 1685 παρ’
887 1603 976 1686 ύμῖν,
999 1607 1055 1668 καὶ

74 1707 151 1790 περὶ
172 1708 294 1770 τούτου
323 1705 343 1789 ἡ
374 1707 563 1771 διαδικασία
591 1708 673 1789 αὕτη
703 1706 799 1771 ἐστί.
845 1707 909 1789 ἐγὼ
932 1710 960 1772 δ’
991 1705 1096 1773 οἷδ’σε

77 1810 232 1895 ἀκριβῶς,
257 1811 307 1875 ὅτι
330 1812 371 1874 ού
393 1812 581 1892 γράψαντος
600 1807 786 1893 Ἀθηναίων
807 1811 944 1885 οὐδενὸς
965 1812 1055 1875 πόλε-

76 1935 151 1996 μον,
173 1915 231 1978 καί
253 1916 334 1978 ἀλλα
354 1915 458 1978 πολλὰ
482 1917 642 1990 Φίλιππος
670 1916 732 1997 ἔχει
753 1923 820 1979 τῶν
845 1923 905 1996 τῆς
923 1915 1056 1994 πόλεως,

76 2019 133 2082 καὶ
160 2021 225 2082 νύν
252 2018 298 2093 είς
320 2019 471 2100 Καρδίαν
497 2019 648 2102 πέπομφε
675 2018 843 2100 βοήθειαν.
889 2019 918 2082 εί
947 2020 1056 2101 μέντοι

76 2122 253 2204 βουλόμεθ’
284 2122 377 2204 ἡμεῖς
408 2121 452 2203 μὴ
485 2127 739 2205 προσποιεῖσθαι
771 2125 923 2204 πολεμεῖν
956 2123 1058 2187 αὐτὸν

77 2224 169 2307 ἡμῖν,
192 2224 407 2307 ἀνοητότατος
425 2226 558 2289 πάντων
579 2217 622 2288 ἀν
644 2226 694 2307 εἴη
716 2233 783 2288 τῶν
805 2226 910 2288 ὄντων
930 2225 1057 2309 ἀνθρά-

76 2349 162 2408 κων,
184 2329 214 2392 εί
235 2332 322 2393 τοῦτῑ
345 2326 510 2411 ἐξελέγχοι.
542 2327 607 2390 ἀλλ’
625 2326 759 2391 ἐπειδάν
771 2326 819 2392 ἐπ’
837 2329 958 2403 αὐτοὺς
972 2327 1099 2410 ἡμάςσυ

78 2436 126 2516 ῖη,
149 2432 182 2495 τί
202 2432 367 2516 φήσομεν,·
389 2431 512 2508 ἐκεῖνος
533 2432 593 2514 μὲν
614 2431 679 2515 νδιρ
702 2432 743 2494 οὐ
764 2434 926 2513 πολεμεῖν,
950 2432 1058 2515 ὥσπερ

79 2537 154 2601 οὐδ’
174 2532 347 2620 Ὠρείταις,
375 2546 441 2601 τῶν
467 2544 674 2618 στρατιωτῶν
702 2537 807 2600 ὅιπων
832 2533 868 2600 ἐν
893 2544 931 2619 τῇ
956 2540 1057 2618 χώρᾳ,

81 2639 163 2704 οὐδὲ
188 2641 341 2725 Φεραίοις
362 2639 536 2722 πρότερον,
568 2638 650 2722 πρὸς
677 2639 718 2702 τά
738 2641 824 2721 τείχη
847 2639 1059 2722 προσβάλλων

82 2744 208 2823 αὐτῶν,
243 2744 314 2806 οὐδ’
341 2739 522 2817 Ὀλυνθίοις
548 2740 580 2818 ἐξ
608 2741 724 2824 ἀρχῆς,
758 2740 819 2816 ἕως
846 2742 883 2806 ἐν
911 2742 994 2825 αὐτῇ
1019 2750 1058 2824 τῇ

81 2851 172 2931 χώρᾳ
194 2845 232 2910 τὸ
255 2848 438 2930 στράτευμα
452 2853 562 2929 παρῆν
577 2843 668 2927 ἔχειν.
692 2844 712 2925 ἢ
728 2845 784 2907 καί
797 2847 870 2908 τότε
885 2846 962 2919 τοὺς
978 2845 1058 2926 ἀμύ-

81 2955 201 3016 νεσθαι
233 2951 426 3025 κελεύοντας
452 2951 594 3030 πόλεμον
620 2957 727 3011 ποιεῖν
750 2947 914 3030 φήσομεν,·
935 2947 1060 3010 οὐκοῦν

83 3053 268 3117 ὑπόλοιπον
279 3055 464 3118 δουλεύειν·
480 3052 521 3115 οὐ
533 3052 596 3135 γὰρ
609 3054 688 3115 άλλο
699 3053 727 3133 μ’
743 3052 844 3115 οὐδέν
858 3050 926 3114 ἐστι
941 3048 1059 3132 μεταξὺ

83 3166 145 3221 τού
159 3156 232 3240 μήτ’
249 3156 433 3240 ἀμύνεσθαι
447 3155 517 3239 μήτ’
531 3158 624 3238 ἄγειν
634 3155 774 3237 ἡσυχίαν
788 3154 918 3219 ἐᾶσθαι.
930 3154 986 3217 καῖ
995 3153 1061 3236 μὴν
1070 3169 1104 3215 σο

85 3262 147 3343 οὐχ
158 3260 313 3345 ύπδρτάν
324 3263 405 3326 ίσυν
416 3260 495 3343 ύμῖν
508 3261 564 3325 καῖ
577 3270 646 3335 τοῖς
661 3261 769 3333 ἀλλοις
780 3259 850 3324 ἔσθ’
862 3257 882 3320 δ
892 3257 1061 3330 κίνδυνος·

86 3366 128 3430 ού
147 3365 214 3450 γὰρ
227 3364 285 3449 ὑφ’
309 3365 396 3450 αύτῷ
423 3364 484 3447 την
504 3364 600 3428 πόλιν
613 3364 816 3446 ποιήσασθαι
838 3364 989 3445 βούλεται
1007 3365 1062 3425 Φί·

86 3472 212 3549 λιππος,
235 3468 302 3533 ἀλλ’
326 3470 407 3544 ὅλως
422 3469 558 3532 ἀνελεῖν.
574 3465 739 3551 οῖδενγδιρ
754 3467 904 3552 ἀκριβῶς,
921 3467 970 3530 ὅτι
986 3466 1062 3529 δου·

86 3573 195 3638 λεύειν
223 3571 282 3654 μίν
303 3570 396 3655 ὑμεῖς
422 3574 489 3634 οὔτ’
517 3570 694 3652 ἐθελήσετε,
724 3573 790 3636 οὔτ’
817 3565 860 3635 ἀν
885 3569 1061 3651 ἐθελήσητ’,

908 3672 943 3723 0}
