2484 3992
349 188 352 192 ⁴
378 217 502 279 ΚΑΤΑ
527 217 759 279 mmor
777 220 816 279 A.
1065 212 1086 277 9

105 406 187 481 τοὺς
207 406 333 485 πεζούς,
356 404 414 468 τδν
436 404 684 488 αὐτὸντρόπον
706 403 996 488 στρατευομένους·
1029 406 1086 469 καί

107 507 320 590 ἱππαγωγοὺς
341 509 479 583 τούτοις.
525 503 606 571 είεν·
636 510 669 573 τί
688 507 770 590 πρὸς
791 507 920 582 τούτοις
942 507 1006 588 ἔτι,
1032 529 1085 573 τα·
1097 524 1130 573 22

106 614 197 694 χείας
210 611 353 695 τριήρεις
367 612 462 675 δέκα·
480 612 531 674 δεῖ
545 613 619 694 γάρ,
636 611 765 693 ἔχοντος
780 610 909 674 ἐκείνου
919 613 1086 692 ναυτικόν,

106 716 165 778 καὶ
184 724 322 798 ταχειῶν
343 715 486 797 τριήρων
507 713 596 796 ἡμῖν,
620 715 708 790 ὅπως
730 714 884 796 ἀσφαλῶς
904 713 924 795 ἡ
948 716 1089 796 δύναμις

105 820 199 902 πλέη.
236 820 341 884 πόθεν
364 819 404 900 δη
427 818 555 894 τούτοις
576 817 597 899 ἡ
620 818 725 902 τροφὴ
748 823 933 900 γενησεταις
954 818 1018 900 έγὼ
1033 820 1089 882 καί

105 932 207 987 τοῦτο
219 925 336 1007 φράσω
348 924 404 986 καὶ
418 922 523 1003 δείξω,
539 921 683 1002 ἐπειδάν,
699 923 784 986 διότι
799 924 997 1005 τηλικαύτην
1009 924 1087 987 ἀπο-

106 1035 190 1110 χρῆν
212 1024 304 1109 οἶμαι
332 1026 392 1108 τὴν
413 1028 557 1109 δύναμιν
578 1027 635 1090 καί
656 1028 788 1102 πολίτας
815 1028 895 1103 τοὺς
917 1043 1087 1112 στρατευο·

106 1129 230 1212 μένους
251 1125 336 1193 εἶναι
359 1131 489 1209 κελεύω,
513 1126 646 1204 διδάξω.

198 1233 371 1315 Τοσαύτην
393 1227 524 1314 μέν,ὦ
546 1232 665 1315 ἀνδρες
684 1227 867 1313 Ἀθηναῖοι,
895 1231 952 1295 διὰ
974 1241 1087 1311 ταῦτα,
1097 1248 1131 1296 23

97 1336 160 1398 «ὅτι
183 1335 245 1399 οὐκ
267 1335 315 1400 ένι
336 1344 401 1401 νῦν
422 1335 501 1418 ἡμῖν
522 1336 725 1417 πορίσασθαι
740 1336 884 1417 δύναμιν
898 1335 959 1417 τὴν
976 1334 1089 1422 έκείνφ

105 1436 388 1521 παραταξομένην,
412 1438 493 1501 ἀλλὰ
507 1440 676 1522 ληστεύειν
692 1438 816 1520 ἀνάγκη
839 1441 895 1502 καὶ
917 1440 1022 1525 τούτῳ
1044 1448 1089 1524 τῷ

105 1540 218 1626 τρόπφ
239 1551 299 1606 τοῦ
321 1543 466 1623 πολέμου
489 1547 632 1624 χρῆσθαι
653 1541 713 1624 την
735 1542 882 1624 πρώτην·
912 1542 954 1605 ού
975 1544 1090 1606 τοίνυν

105 1642 294 1727 ὑπέρογκον
321 1643 441 1725 αὐτήν,
475 1643 518 1708 ού
544 1644 608 1728 γάρ
637 1645 705 1709 ἔστι
726 1644 844 1725 μισθὸς
866 1644 946 1708 οὐδὲ
968 1646 1086 1728 τροφή,

14 1793 18 1800 .
107 1745 189 1810 οὐδὲ
210 1750 374 1823 παντελῶς
395 1747 552 1829 ταπεινὴν
572 1743 658 1812 εἶναι
685 1748 745 1812 δεῖ.
789 1750 922 1824 πολίτας
950 1750 987 1813 δὲ
1008 1764 1132 1833 παρ-24

106 1858 194 1914 εῖναι
216 1853 272 1914 καὶ
296 1853 453 1933 συμπλεῖν
474 1849 530 1914 διὰ
552 1862 657 1915 ταῦτα
685 1853 823 1932 κελεύω,
858 1853 907 1916 ὅτι
935 1854 992 1916 καὶ
1012 1854 1089 1937 πρό-

107 1954 206 2037 τερόν
233 1956 304 2017 ποτ’
334 1954 445 2018 ἀκούω
472 1951 600 2030 ξενικὸν
628 1957 761 2039 τρέφειν
788 1955 826 2021 έν
847 1958 1002 2042 Κορίνθῳ
1030 1956 1090 2038 τὴν

107 2059 221 2137 πόλιν,
255 2054 297 2120 οὖ
320 2060 551 2142 Πολύστρατος
583 2057 693 2141 ἡγεῖτο
726 2060 782 2123 καί
815 2063 1004 2144 Ἰφικράτης
1034 2062 1090 2124 καὶ

108 2163 257 2246 Χαβρίας
277 2162 334 2225 καὶ
357 2164 446 2225 ἄλλοι
467 2162 563 2242 τινές,
585 2163 642 2226 καί
658 2164 779 2239 αὐτοὺς
794 2163 880 2246 ὑμᾶς
895 2167 1088 2248 συστρατεύ·

108 2270 224 2329 εσθαι·
257 2266 314 2328 καὶ
341 2260 403 2327 οἶδ’
427 2265 577 2345 ἀκούων,
607 2266 658 2329 ὅτι
679 2267 965 2348 Λακεδαιμονίους
985 2287 1086 2349 παρα-

108 2369 300 2450 ταττόμενοι
321 2372 394 2449 μεθ’
418 2367 513 2450 ὑμῶν
534 2366 652 2432 ἐνίκων
667 2366 760 2432 οὗτοι
780 2368 812 2432 οί
826 2366 912 2445 ξένοι
927 2370 983 2432 καὶ
997 2370 1090 2451 ὑμεῖς

109 2474 177 2552 μετ’
207 2469 350 2534 ἐκείνων.
397 2468 429 2547 έξ
458 2468 500 2535 οὖ
529 2470 557 2534 δ’
587 2471 672 2534 αὐτὰ
700 2467 773 2536 καθ’
804 2471 890 2535 αύτά
917 2473 958 2536 τά
980 2470 1090 2549 ξενικά

109 2573 191 2657 ύμῖν
212 2576 431 2659 στρατεύεται,
453 2577 531 2652 τοὺς
554 2577 671 2659 φίλους
692 2584 769 2660 νικᾷ
789 2576 846 2639 καί
867 2577 945 2652 τοὺς
968 2578 1090 2658 συμμά·

109 2700 200 2762 γους,
223 2678 255 2742 ολ
271 2679 299 2742 δ
317 2678 429 2762 ἐχθροὶ
443 2680 571 2761 μείζους
592 2688 653 2742 τοῦ
676 2680 808 2753 δέοντος
829 2680 1012 2761 γεγόνασιν.
1035 2680 1091 2741 καὶ

108 2784 341 2864 παρακύψαντ’
364 2782 417 2846 ίπί
431 2782 490 2847 τὸν
504 2790 561 2863 τῆς
575 2785 699 2856 πόλεως
714 2783 866 2863 πόλεμον,
888 2781 970 2864 πρὸς
982 2777 1089 2864 Ἀρτά-

109 2887 209 2967 βαζον
229 2887 286 2948 καί
307 2895 468 2969 πανταχοῖ
487 2888 610 2968 μάλλον
633 2888 754 2967 οίχεται
774 2887 930 2964 πλέοντα,
953 2884 972 2948 ό
994 2901 1089 2967 στρα-

109 2989 208 3070 τηγός
229 2991 258 3053 δ’
283 2989 469 3070 ἀκολουθεῖ,
493 2990 640 3065 εἰκότως·
675 2989 801 3073 οὐγὰρ
824 2989 887 3053 ἔστ’
912 2992 1023 3071 άργειν
1044 2987 1088 3069 μη

111 3092 248 3156 διδόντα
268 3094 400 3173 μισθόν.
434 3094 467 3156 τί
488 3088 550 3156 οὖν
571 3094 692 3155 κελεύω
698 3115 713 3173 ,·
733 3092 791 3167 τὰς
813 3094 994 3175 προφάσεις
1017 3091 1133 3174 ἀφε-νσ

110 3197 179 3258 λεῖν
200 3196 256 3258 καὶ
278 3204 337 3258 τοῦ
362 3203 545 3279 στρατηγοῦ
566 3196 623 3258 καὶ
644 3203 711 3258 τῶν
732 3202 947 3277 στρατιωτῶν,
970 3195 1092 3275 μισθόν

111 3298 312 3381 πορίσαντας
345 3299 401 3361 καί
429 3300 629 3381 στρατιώτας
656 3300 797 3374 οίκείους
819 3300 928 3381 ὥσπερ
950 3297 1092 3373 ἐπόπτας

110 3411 176 3471 τῶν
198 3405 493 3487 στρατηγουμένων
507 3402 871 3486 παρακαταστήσαντας,
894 3402 965 3466 ἐπεὶ
977 3412 1042 3466 νῦν
1056 3425 1091 3483 γε

64 3533 67 3537 ’
111 3506 212 3587 γέλως
242 3506 329 3586 ἔσθ’,
363 3505 408 3582 ὡς
439 3507 592 3590 χράμεδα
626 3516 694 3582 τοῖς
725 3508 922 3589 πράγμασιν.
967 3505 996 3566 εί
1028 3505 1092 3584 γάρ
