2484 3992
6 598 8 643 ι

6 652 8 729 λ

359 283 484 345 ΚΑΤΑ
509 284 742 345 ΦΙΛΙΠΠΟΤ
760 285 796 347 Γ.
1026 282 1067 346 97

78 472 222 554 καὶμὴν
236 471 370 536 κάκεῖνό
384 473 414 554 γ’
438 474 515 553 ίσθ’,
540 473 590 536 ότι
613 474 675 536 ὅσα
698 472 759 555 μὲν
781 473 846 536 ὑπὸ
858 475 1060 558 Λακεδαιμο-
1071 490 1105 540 τε

79 577 196 659 νίωνή
209 577 266 660 ὑφ’
279 575 373 658 ήμῶν
388 576 529 660 ἔπασχον
543 577 576 641 οἱ
586 573 745 659 Ἕλληνες,
758 577 827 640 ἀλλ’
841 575 904 642 οὖν
915 579 981 642 ὑπὸ
991 603 1066 661 γνη-

6 732 8 757 ,
76 684 211 763 σίωνχί
237 682 343 744 όντων
359 688 416 764 τῆς
427 678 583 757 Ἑλλάδος
605 681 791 763 ἠδικοῦντο,
814 683 870 745 καί
884 683 944 746 τὸν
966 684 1069 747 αὑτὸν

80 786 208 868 τρόπον
231 787 274 848 άν
295 806 345 862 τις
373 785 513 868 ὑπέλαβε
534 794 649 864 τοῦτο,
682 786 790 870 ὥσπερ
821 785 862 849 ἀν
884 786 914 850 εί
935 786 1009 861 υίὸς
1032 786 1068 851 ἐν

81 893 184 979 οὐσίᾳ
206 894 309 976 πολλή
330 892 472 975 γεγονὼς
485 892 621 974 γνήσιος
636 888 749 977 διῴκει
764 914 795 954 τι
810 892 855 974 μή
870 894 976 967 καλῶς
990 893 1065 975 μηδ’

6 1080 7 1085 ¹
81 995 207 1080 ὀρθῶς,
230 994 298 1059 κατ’
324 996 406 1060 αὑτὸ
428 995 488 1079 μὲν
508 992 596 1059 τοῦτ’
623 993 713 1073 ἀξιον
735 996 887 1077 μέμψεως
901 992 987 1059 είναι
1009 996 1065 1059 καί

80 1099 292 1182 κατηγορίας,
317 1097 360 1175 ύς
381 1100 468 1163 δὀὐ
489 1097 666 1183 προσήκων
687 1098 708 1180 ή
733 1096 776 1173 ὡς
798 1100 839 1162 ού
862 1100 1064 1182 κληρονόμος

6 1186 8 1245 ί
80 1205 213 1266 τούτων
237 1200 284 1265 ὢν
306 1204 396 1265 ταῦτ’
419 1201 531 1283 ἐποίει,
555 1202 618 1266 οὐκ
640 1201 762 1265 ἐνεῖναι
784 1202 899 1283 λέγειν,
933 1202 963 1265 εί
978 1203 1015 1264 δέ
1029 1219 1108 1284 γεεε

80 1306 204 1380 δοῦλος
225 1303 459 1388 ὑποβολιμαῖος
481 1307 522 1369 τά
544 1305 587 1388 μή
610 1304 804 1390 προσήκοντ’
834 1305 984 1369 ἀπώλλυε
1006 1307 1062 1368 καί

81 1407 292 1491 ἐλυμαίνετο,
321 1405 490 1493 Ἡράκλεις
519 1410 585 1495 ὅσω
606 1412 731 1491 μᾶλλον
753 1408 863 1474 δεινὸν
886 1409 942 1472 καί
968 1409 1067 1493 όργής

81 1512 175 1589 ἀξιον
209 1514 328 1587 πάντες
361 1512 403 1575 ἂν
431 1512 557 1596 ἔφησαν
586 1510 680 1578 είναι.
727 1512 793 1575 ἀλλ’
817 1513 877 1596 οὑχ
900 1511 982 1596 ὑπὲρ
1008 1516 1063 1576 Φι-

80 1618 207 1680 λίππου
231 1615 287 1678 καί
310 1614 357 1678 ὧν
378 1614 503 1690 ἐκεῖνος
524 1617 658 1700 πράττει
680 1625 753 1695 νῦν,
777 1617 837 1699 ούχ
853 1618 958 1691 οὑτως
974 1616 1063 1699 ἔχου-

82 1737 147 1800 σιν,
171 1721 214 1783 ού
236 1719 340 1801 μόνον
363 1720 422 1802 οὐχ
439 1716 590 1801 Ἕλληνος
612 1720 706 1795 ὄντος
733 1720 814 1784 ούδὲ
842 1719 1064 1803 προσήκοντος

80 1824 186 1889 οὐδὲν
214 1832 284 1899 τοῖς
304 1823 473 1906 Ἕλλησιν,
508 1823 573 1886 ἀλλ’
605 1822 684 1887 οὐδὲ
712 1825 881 1907 βαρβάρου
911 1823 1066 1887 ἐντεῦθεν

80 1929 164 1992 ὅθεν
180 1925 281 1991 καλὸν
296 1927 408 2007 εἰπεῖν,
425 1927 491 1990 ἀλλ’
508 1926 649 2012 ὀλέθρου
667 1927 872 2007 Μακεδόνος,
897 1928 976 1991 ὅθεν
992 1928 1061 1991 οὐδ’

6 2006 7 2037 ³
80 2032 297 2116 ἀνδράποδον
321 2032 502 2096 σπουδαῖον
524 2033 624 2096 οὐδὲν
645 2029 687 2114 ήν
708 2034 876 2116 πρότερον.

11 2133 15 2140 ’
187 2137 306 2199 Καίτοι
320 2137 354 2199 τί
365 2145 423 2219 τής
438 2134 572 2219 ἐσχάτης
586 2138 711 2221 ὑβρεως
726 2137 911 2219 ἀπολείπει,
926 2139 968 2201 οὐ
982 2136 1064 2221 πρὸς
1074 2151 1107 2201 30

77 2250 124 2325 τῷ
148 2240 257 2315 πόλεις
280 2239 478 2323 ἀνηρηκέναι
498 2240 610 2322 τίθησι
634 2241 694 2322 μὲν
708 2242 748 2302 τὰ
761 2242 886 2320 Πύθια,
909 2241 967 2303 τὸν
989 2262 1055 2303 κοι-

78 2346 142 2409 νὸν
164 2352 231 2406 τῶν
247 2340 413 2424 Ἑλλήνων
435 2343 562 2425 ἀγῶνα,
591 2343 655 2408 κάν
677 2344 776 2418 αὐτὸς
805 2344 849 2426 μή
872 2350 960 2428 παρή
988 2345 1066 2418 τοὺς

79 2449 226 2522 δούλους
237 2447 547 2529 ἀγωνοθετήσοντας
557 2449 676 2529 πέμπει
681 2471 695 2529 ,·
709 2448 829 2531 γράφει
840 2446 877 2510 δὲ
892 2450 1064 2525 Θετταλοῖς
1073 2464 1103 2512 31

81 2552 123 2615 ὃν
145 2550 207 2636 χρή
229 2551 354 2634 τρόπον
374 2552 621 2631 πολιτεύεσθαι,·
653 2551 771 2633 πέμπει
794 2551 830 2614 δὲ
853 2549 965 2628 ξένους
987 2553 1065 2628 τοὺς

80 2655 144 2737 μὲν
166 2655 213 2729 είς
235 2655 409 2738 Πορθμόν,
437 2653 496 2716 τὸν
526 2654 632 2735 δήμου
659 2653 879 2738 ἐκβαλοῦντας
900 2654 958 2718 τὸν
978 2650 1063 2740 Ἐρε-

79 2759 210 2843 τριέων,
233 2758 311 2833 τοὺς
332 2757 360 2820 δ’
380 2756 428 2821 ἐπ’
441 2753 564 2841 Ὠρεόν,
580 2760 747 2842 τύραννον
761 2760 952 2841 Φιλιστίδην
967 2782 1063 2823 κατα-

80 2863 280 2945 στήσοντας,·
302 2862 369 2925 ἀλλ’
386 2864 474 2945 ὅμως
494 2865 592 2926 ταῦθ’
617 2863 756 2947 ὁρῶντες
772 2864 803 2926 οῖ
825 2865 977 2947 Ἕλληνες
992 2866 1061 2929 ἀνέ-

79 2988 210 3050 χονται,
243 2964 379 3031 καὶτὸν
406 2965 508 3031 αὑτὸν
533 2968 658 3050 τρόπον
690 2969 798 3050 ὥσπερ
831 2967 892 3046 τήν
923 2970 1064 3049 χάλαζαν

79 3071 191 3152 ἔμοιγε
214 3070 371 3133 δοκοῦσιν
392 3074 542 3153 θεωρεῖν,
566 3069 734 3152 εὐχόμενοι
757 3071 801 3153 μή
824 3069 900 3133 καθ’
925 3070 1064 3146 ἑαυτοὺς

82 3174 215 3238 ἕκαστοι
243 3174 412 3256 γενέσθαι,
440 3173 579 3239 κωλύειν
606 3176 637 3238 δ’
659 3174 769 3251 οὐδεὶς
798 3174 976 3259 ἐπιχειρῶν,
1022 3175 1062 3238 οὐ
1073 3192 1105 3239 32

80 3279 185 3361 μόνον
207 3279 235 3340 δ’
252 3277 302 3362 ἐφ’
319 3276 368 3354 οίς
382 3273 528 3361 ήἙλλδις
550 3279 712 3363 ὑβρίζεται
734 3277 788 3342 ὑπ’
814 3282 928 3359 αὑτοῦ,
952 3279 1061 3356 οὐδείς

80 3382 252 3464 ἀμύνεται,
276 3382 343 3445 ἀλλ’
367 3383 439 3446 οὐδ’
456 3381 540 3467 ὑπὲρ
556 3381 603 3447 ἀν
619 3382 718 3459 αὑτὸς
734 3382 869 3458 ἕκαστος
884 3383 1059 3447 ἀδικεῖται·

77 3494 178 3551 τοῦτο
201 3486 265 3569 γάρ
293 3486 356 3567 ήδη
379 3487 560 3569 τοῦσχατόν
589 3485 688 3551 ἐστιν.
734 3489 775 3553 οὑ
797 3489 989 3572 Κορινθίων
1012 3488 1060 3552 ἐπ’

78 3590 279 3673 Ἀμβρακίαν
301 3589 439 3672 ἐλήλυθε
461 3590 517 3654 καί
532 3593 689 3657 Λευκάδα
693 3617 708 3675 ,·
730 3595 792 3658 οὐκ
810 3591 948 3677 Ἀχαιῶν
963 3595 1055 3657 Ναύ-

132 3705 344 3750 νενοετεεκεε.
907 3697 922 3745 ‘1
