2484 3992
356 248 480 310 ΚΑΤΑ
505 247 737 310 ΦΙΛΙΠΠΟΥ
755 250 795 309 A.
1021 244 1059 309 13

71 440 154 516 σάς,
176 436 234 500 τὸν
255 436 302 510 είς
323 436 539 516 Ποτείδαιανς
568 435 617 498 ὅτι
640 443 732 498 κεῖνα
754 435 815 517 μὲν
836 436 944 498 πάντα
968 435 1102 520 υόμριεσ

71 540 244 619 τέτακται,
272 539 328 602 καὶ
349 538 506 622 πρόοιδεν
526 537 663 614 ἕκαστος
684 538 779 620 ὑμῶν
800 538 837 602 ίιι
858 540 990 619 πολλοῦ,
1013 540 1062 614 τίς

73 642 224 726 χορηγὸς
249 641 271 724 ῆ
298 642 542 724 γυμνασίαρχος
564 650 621 724 τῆς
642 643 757 724 φυλῆς,
786 642 864 705 πότε
886 642 943 703 καὶ
970 642 1061 720 παρά

73 754 145 809 τοῦ
167 745 222 808 καὶ
244 747 277 808 τί
296 745 439 825 λαβόντα
461 745 494 807 τί
514 744 568 807 δεῖ
586 752 704 823 ποιεῖν,
727 742 828 807 οὐδὲν
850 741 1061 820 ἀνεξέταστον

76 849 158 913 οὐδ’
182 847 337 930 ἀόριστον
364 845 401 911 ἐν
428 847 557 922 τούτοις
578 845 751 929 ῆμίληται,
781 845 818 910 ἐν
839 847 877 911 δὲ
898 856 967 922 τοῖς
987 848 1062 930 περὶ

76 961 144 1015 τοῦ
167 952 311 1032 πολέμου
334 950 390 1013 καὶ
410 958 450 1034 τῆ
472 950 593 1013 τούτου
614 958 807 1034 παρασκευῇ
823 953 932 1013 ἀτακτ
950 950 1060 1033 ἀδιόρ

76 1058 164 1120 θυοδ
194 1054 324 1137 ἀόρισθ’
348 1053 486 1118 ἅπαντα.
530 1063 710 1135 τοιγαροῦν
732 1054 786 1135 ἀμ’
810 1053 997 1136 ἀκηκόαμέν
1019 1075 1060 1133 τι,

78 1159 144 1221 καὶ
163 1160 381 1241 τριηράρχους
409 1158 621 1238 καθίσταμεν,
649 1157 706 1219 καὶ
727 1157 857 1231 τούτοις
879 1156 1062 1232 ἀντιδόσεις

78 1262 282 1343 ποιούμεθα,
303 1260 447 1343 καὶπερὶ
462 1261 636 1343 χρημάτων
657 1261 766 1344 πόρου
788 1270 983 1342 σκοποῦμεν,
1005 1262 1061 1322 καλ

80 1366 167 1448 μετὰ
190 1368 279 1428 ταῦτ’
302 1363 469 1447 ἐμβαίνειν
496 1364 574 1439 τοὺς
596 1367 767 1446 μετοίκους
795 1361 885 1440 ε’δοξε
906 1364 962 1427 ιιαλ
983 1365 1061 1440 τοὺς

80 1467 184 1550 χωρὶς
195 1468 378 1545 οἰκοῦντας,
401 1463 456 1530 εἶτ’
473 1467 595 1542 αύτούς
609 1469 718 1545 πάλιν,
734 1463 789 1530 εἶτ’
807 1466 1059 1548 ἀντεμβιβάζειν,
1070 1483 1102 1534 37

81 1567 142 1636 εἶτ’
161 1569 197 1634 ἐν
219 1571 285 1655 ὅσῳ
302 1580 406 1634 ταῦτα
427 1570 584 1652 μίλλεται,
606 1572 819 1652 προαπόλωλε
841 1568 879 1633 τὸ
900 1569 953 1652 ἐφ’
976 1569 995 1633 ὃ
1018 1571 1060 1634 ἂν

81 1674 285 1756 ἐκπλέωμεν·
308 1673 366 1737 τὸν
379 1674 443 1755 γάρ
458 1682 518 1736 τοῦ
533 1675 687 1755 πράττειν
701 1675 822 1756 χρόνον
836 1674 883 1749 είς
904 1673 940 1737 τὸ
956 1693 1057 1757 παρα·

84 1780 304 1854 σκευάζεσθαι
331 1777 561 1858 ἀναλίσκομεν,
591 1777 622 1838 οἱ
651 1776 687 1839 δὲ
710 1785 776 1839 τοῖν
797 1776 999 1859 πραγμάτων
1021 1777 1062 1840 ού

83 1883 247 1964 μένουσιν
272 1882 383 1964 καιροὶ
410 1881 471 1962 τῆν
498 1880 659 1962 ἡμετέραν
681 1878 870 1962 βραδυτῆτα
892 1881 949 1944 καλ
972 1881 1063 1963 είριο·

83 1987 190 2050 υείαν.
224 1986 263 2059 ἀς
277 1983 313 2048 δὲ
328 1984 386 2048 τὸν
400 1981 520 2065 μεταξὺ
535 1985 655 2065 χρόνον
669 1983 827 2064 δυνάμεις
841 1979 967 2065 οἰόμεθ’
983 1982 1063 2065 ἡμῖν

86 2091 255 2172 ὑπάρχειν,
286 2088 385 2152 ούδὲν
407 2087 477 2151 οἷαί
496 2090 523 2150 τ’
546 2082 644 2149 οὑσαι
666 2096 773 2150 ποιεῖν
795 2086 843 2150 ἐπ’
867 2088 1064 2151 αὐτῶντῶν

85 2202 213 2276 καιρῶν
245 2190 471 2275 ἐξελέγχονται.
515 2189 534 2253 ό
567 2191 597 2253 δ
631 2191 677 2265 είς
708 2194 800 2254 τοῦθ
834 2191 960 2272 ὕβρεως
993 2190 1062 2272 ίλῆ-

87 2300 206 2376 λυθεν,
246 2292 318 2360 ὥστ’
353 2294 550 2360 ἐπιστέλλειν
582 2294 768 2375 Εὐβοεῦσιν
809 2293 873 2375 ῆδη
909 2294 1064 2367 τοιαύτας

88 2400 267 2476 ἐπιστολάς.

286 2588 560 2651 ΕΠΙΣΤΟΛΗΣ
578 2586 868 2649 ΑΝΑΓΝΩΣΙΣ.

198 2710 341 2787 Τούτων,
370 2705 396 2770 ἀ
427 2708 543 2789 ἀνδρες
561 2702 743 2788 Ἀθηναῖοι,
771 2715 837 2769 τῶν
865 2705 1107 2787 ἀνεγνωσμί-εε

88 2837 158 2878 νων
182 2813 287 2894 ἀληθῆ
313 2813 372 2895 μέν
394 2811 462 2877 ἐστι
484 2813 525 2876 τὰ
547 2813 662 2891 πολλά,
686 2809 730 2885 ὡς
752 2809 814 2872 οὐκ
836 2810 913 2889 ἔδει,
937 2809 978 2872 ού
1000 2809 1065 2892 μὴν

90 2914 157 2982 ἀλλ’
183 2919 260 2991 ἴσως
282 2916 341 2997 οὐχ
363 2915 432 2998 ἡδέ’
456 2915 598 2979 ἀκούειν.
645 2908 710 2975 ἀλλ’
736 2912 764 2975 εί
785 2913 856 2994 μίν,
880 2912 927 2975 όσ’
954 2916 995 2976 ἀν
1016 2935 1066 2987 τις

92 3021 216 3102 ὑπερβῇ
243 3029 288 3103 τῷ
315 3020 416 3102 λόγῳ,
445 3017 500 3081 ἵνα
522 3016 565 3098 μῆ
589 3013 733 3096 λυπήσῃ,
756 3015 811 3077 καὶ
832 3014 873 3077 τὰ
894 3011 1062 3096 πράγμαθ’

91 3123 324 3204 ὑπερβήσεται,
354 3122 407 3184 δεῖ
432 3120 513 3202 πρὸς
539 3117 665 3200 ἡδονὴν
695 3117 907 3198 δημηγορεῖν·
937 3116 965 3178 εί
992 3113 1020 3177 δ’
1044 3115 1064 3197 ἡ

90 3236 157 3290 τῶν
179 3226 285 3306 λόγων
306 3226 408 3306 χάρις,
440 3222 481 3285 ἀν
502 3211 524 3307 ᾖ
548 3221 591 3303 μῆ
614 3219 838 3302 προσήκουσα,
863 3217 948 3301 ἔργῳ
970 3219 1066 3298 ζημία

92 3332 246 3412 γίγνεται,
271 3328 405 3409 αἰσχρόν
419 3325 487 3390 ἐστι
503 3325 687 3407 φενακίζειν
702 3322 851 3399 ἑαυτούς,
874 3322 929 3383 καλ
950 3321 1064 3384 ἅπαντ’

94 3432 385 3513 ἀναβαλλομένους,
409 3430 451 3491 ἃν
468 3418 487 3513 ᾗ
502 3428 654 3511 δυσχερῆ,
676 3428 810 3489 πάντων
830 3423 979 3507 ὑστερεῖν
999 3433 1066 3486 τῶν

91 3537 205 3620 ἔργων,
228 3534 281 3598 ιιάλ
304 3532 388 3616 μηδὲ
403 3540 500 3595 τοῦτο
517 3531 684 3594 δύνασθαι
699 3533 830 3610 μαθεῖν,
855 3528 904 3590 ότι
920 3526 973 3589 δεῖ
984 3526 1105 3599 τοὺςεε
1236 3498 1237 3535 ἢ
