2484 3992
413 252 717 315 ΟΛΥΝΘΙΑΚΟΣ
735 253 783 314 Γ.·
1038 246 1080 312 39

94 439 350 522 ἐψηφισάμεθα,
383 439 581 523 προθύμως,Ι
609 439 675 503 οὐκ
700 438 741 501 ἂν
762 436 982 519 ήνύχλεινῦν
1003 436 1082 519 ήμῖν

96 542 117 626 ό
146 544 308 617 Φίλιππος
330 544 458 607 σωθεί.

210 649 241 711 Τ
239 646 265 719 δι,Υ
273 646 342 726 μὲν
363 646 404 728 δὴ
426 646 500 710 τότε
521 642 696 729 πραχθέντ’
721 645 783 709 οὐκ
810 637 854 731 άν
876 646 979 718 ἀλλοις
1001 643 1112 725 ἔχοι·6

96 758 167 812 νῦν
196 750 225 812 δ’
249 748 361 832 ἐτέρου
394 749 538 830 πολέμου
566 748 680 832 καιρὸς
700 748 772 829 ήκει
793 769 852 826 τις,
884 748 927 820 δι’
961 746 1000 810 ὃν
1028 747 1084 809 καὶ

97 852 326 935 περὶτούτων
348 850 526 935 ἐμνήσθην,
550 851 605 915 ἵνα
627 851 671 934 μή
693 850 797 917 ταύτδι
818 852 955 932 πάθητε.
989 850 1022 912 τί
1041 848 1082 930 δή

99 956 290 1038 χρησόμεθ’,
327 951 352 1018 ὦ
382 955 499 1039 ἀνδρες
518 952 697 1037 Ἀθηναῖοι,
731 956 854 1039 τούτῳ,·
887 954 916 1017 εί
947 952 1011 1036 γὰρ
1040 952 1083 1035 μή

100 1057 283 1139 βοηθήσετε
305 1058 404 1120 παντί
432 1058 541 1131 σθένει
563 1058 647 1122 κατὰ
669 1059 706 1122 τὸ
729 1058 884 1136 δυνατόν,
912 1040 1083 1133 θεάσασθ’,

102 1161 145 1225 ὃν
172 1162 294 1246 τρόπον
324 1162 416 1244 ὑμεῖς
444 1162 717 1244 ἐστρατηγηκότες
743 1161 837 1226 πάντ’
861 1161 978 1225 ἔσεσθε
1001 1158 1084 1241 ὑπὲρ

105 1267 284 1329 Φιλίππου.
328 1265 477 1350 ὑπῆρχον
503 1261 669 1329 Ὀλύνθιοι
704 1265 848 1346 δύναμίν
873 1282 948 1328 τινα
980 1275 1114 1342 κεκτηῖ
1140 1268 1143 1273 ’

102 1370 209 1451 μένοι,
231 1371 288 1433 καί
303 1371 437 1435 διέκειθ’
453 1371 540 1433 οὕτω
563 1370 602 1432 τά
617 1371 809 1453 πράγματα·
832 1369 907 1430 οὔτε
925 1367 1086 1440 Φίλιππος

102 1470 239 1555 ἐθάρρει
271 1473 410 1547 τούτους
442 1475 516 1547 οὔθ’
551 1469 645 1536 οὗτοι
680 1473 851 1535 Φίλιππον.
902 1467 1085 1553 ἐπράξαμεν

102 1574 197 1657 ἡμεῖς
218 1575 363 1640 κάκεῖνοι
384 1576 466 1659 πρὸς
494 1575 580 1657 ἡμᾶς
602 1575 751 1659 εἰρήνην·
784 1571 828 1656 ήν
853 1577 947 1638 τοῦθ’
976 1573 1085 1654 ὥσπερ

103 1677 298 1760 ἐμπόδισμά
312 1700 343 1741 τι
366 1688 409 1763 τῷ
436 1680 587 1763 Φιλίππῳ
609 1679 665 1741 καὶ
687 1679 850 1759 δυσχερές,
873 1678 969 1739 πόλιν
991 1676 1085 1757 μεμά·

103 1784 167 1862 λην
189 1780 344 1866 ἐφορμεῖν
365 1791 435 1857 τοῖς
457 1780 578 1853 ἑαυτοῦ
595 1790 722 1861 καιροῖς
745 1780 983 1862 διηλλαγμένην
1005 1777 1087 1859 πρὸς

102 1884 199 1966 ἡμᾶς.
244 1883 460 1967 ἐκπολεμῆσαι
490 1885 560 1949 δεῖν
590 1889 702 1969 ςόμεθα
730 1885 808 1959 τοὺς
831 1887 1028 1965 ἀνθρώπους
1050 1879 1086 1943 ἐκ

102 1986 375 2070 παντὸςτρόπου,
397 1989 452 2050 καὶ
469 1986 607 2062 ἅπαντες
621 1987 787 2069 ἐθρύλουν
809 1995 921 2050 τοῦτο·
943 1987 1085 2069 πέπρακ·

104 2112 160 2156 ται
192 2090 269 2154 νυνί
294 2093 387 2154 τοῦθ’
417 2090 639 2172 ὁπωσδήποτε.
683 2091 716 2153 τί
742 2085 805 2153 οὖν
831 2089 1028 2169 ὑπόλοιπον,
1063 2085 1117 2152 ὦε

110 2193 227 2276 ἄνδρες
246 2189 431 2275 Ἀθηναῖοι,
454 2192 539 2274 πλὴν
560 2195 701 2276 βοηθεῖν
721 2193 911 2276 ἐρρωμένως
932 2193 988 2256 καί
1009 2213 1086 2276 προ-

105 2298 240 2379 θύμοις,·
263 2296 326 2380 ἐγὼ
348 2299 408 2380 μὲν
423 2294 484 2380 οὐχ
500 2297 585 2380 ὁρῶ·
608 2298 707 2380 χωρίς
728 2298 791 2379 γὰρ
813 2306 870 2379 τῆς
891 2298 1089 2378 περιστάσης

106 2394 150 2464 άν
178 2401 263 2485 ήμάς
285 2402 455 2484 αἰσχύνης,
485 2402 513 2465 εί
536 2402 769 2483 καθυφείμεθά
792 2422 822 2477 τι
844 2408 911 2463 τῶν
940 2400 1087 2481 πραγμά·

107 2527 184 2581 των,
211 2505 299 2569 ὀὐδὲ
322 2505 379 2568 τὸν
408 2505 523 2586 φόβον,
559 2500 587 2566 όν
614 2505 732 2587 ἄνδρες
751 2500 938 2585 Ἀθηναῖοι,
971 2499 1089 2583 μικρὸν

108 2608 178 2691 δρῶ
191 2608 248 2671 τὸν
263 2616 328 2671 τῶν
343 2607 423 2689 μετὰ
446 2617 560 2687 ταῦτα,
583 2607 725 2690 ἐχόντων
748 2607 809 2689 μὲν
832 2605 876 2681 ὡς
898 2607 1009 2688 ἔχουσι
1027 2606 1088 2685 Θη-

107 2711 313 2793 βαίωνήμῖν,
338 2711 561 2794 ἀπειρηκότων
583 2710 620 2773 δέ
634 2712 797 2793 χρήμασιν
818 2711 971 2787 Φωκέων,
995 2707 1088 2789 μηδε-

110 2813 166 2888 νὸς
187 2813 215 2876 δ’
232 2813 385 2896 ἐμποδὼν
401 2816 496 2889 ὄντος
513 2814 663 2899 Φιλίππῳ
685 2814 725 2877 τδι
747 2815 895 2897 παρόντα
916 2827 1088 2893 καταστρε·

109 2917 245 3001 ψαμένῳ
267 2916 348 3000 πρὸς
369 2914 459 2980 ταῦτ’
483 2916 645 2980 ἐπικλῖναι
659 2917 700 2979 τδι
715 2918 899 2999 πράγματα.
930 2914 1010 2976 ἀλλὰ
1026 2912 1118 2995 μηνσ

109 3024 201 3094 εἴτις
222 3019 317 3102 ὑμῶν
338 3020 385 3094 είς
406 3022 493 3082 τοῦτ’
510 3019 726 3102 ἀναβάλλεται
740 3024 892 3099 ποιήσειν
905 3018 946 3080 τὰ
961 3017 1089 3096 δέοντα,

111 3123 193 3186 ίδεῖν
216 3121 358 3206 ἐγγύθεν
372 3123 522 3205 βούλεται
545 3123 585 3186 τδι
608 3123 711 3202 δεινά,
735 3120 808 3198 ἐξὸν
824 3121 957 3184 ἀκούειν
973 3123 1091 3183 άλλοθι

110 3227 297 3310 γιγνόμενα,
313 3228 368 3289 καὶ
383 3227 528 3309 βοηθοὺς
544 3225 652 3311 ἐαυτῷ
667 3228 780 3308 ζητεῖν,
804 3224 877 3302 ἐξὸν
891 3234 954 3287 νῦν
969 3224 1091 3305 ἐτέροις

112 3328 214 3393 αὐτόν
241 3331 392 3410 βοηθεῖν·
428 3330 478 3392 ὅτι
506 3330 570 3412 γὰρ
599 3329 645 3404 εἰς
672 3337 770 3391 τοῦτο
796 3327 1022 3411 περιστήσεται
1050 3325 1091 3389 τδι

112 3434 296 3517 πράγματα,
326 3430 385 3496 ἐάν
407 3430 446 3496 τά
469 3433 616 3515 παρόντα
638 3436 832 3514 προώμεθα,
862 3428 977 3512 σχεδὸν
998 3429 1092 3508 ίσμεν

112 3536 252 3611 άπαντες
273 3534 391 3618 δήπου.
