2484 3992
455 285 698 353 APPENDIX.
1011 284 1072 352 115

100 475 118 558 ή
140 477 337 558 σιτοπομπία
365 476 488 558 δυνατή
516 478 659 562 τριήρων
688 478 799 542 οὐσῶν
825 477 991 564 ὑμετέρων
1009 479 1075 544 ἐκεῖ

100 580 151 642 καλ
172 587 231 662 τῆς
251 581 417 662 θαλάττης
438 589 642 662 κρατουσῶν,
668 580 707 644 αἴ
716 604 751 645 τε
764 583 874 657 πόλεις
888 585 1005 647 πολλαί
1018 584 1075 647 καί

99 683 231 765 χαλεπαί
245 685 357 766 λαβεῖν
373 684 406 746 αἱ
421 693 487 747 τῶν
500 686 654 765 Φωκέων,
677 686 721 768 μή
737 687 779 749 οὑ
793 688 901 771 χρόνῳ
914 688 970 749 καί
984 690 1074 750 πολι·

100 790 209 871 ορκίηι·
233 789 262 851 εί
284 788 348 871 γὰρ
370 787 406 852 ἐν
428 787 533 873 ήμέρᾳ
554 791 652 853 πόλιν
679 791 761 872 ήρει,
790 791 853 853 δύο
874 791 930 853 καί
952 791 1075 854 είκοσίν

100 889 151 954 είσ’
179 890 322 974 ἀρνθμῷ.
367 893 423 955 ὑιὺι
446 894 488 972 δή
509 901 613 956 ταῦτα
636 895 753 972 πάντα,
783 893 838 955 ἵνα
860 893 964 976 μηδὲν
985 895 1105 976 moi-4

99 996 197 1076 θησθ’
222 993 504 1077 εὑνέξηπάτησθε,
527 1002 646 1059 τοῦτον
661 996 765 1059 αὑτοῦ
779 997 978 1060 κατέλειπον.
1007 994 1072 1072 ἐξο-
1098 1036 1110 1055 -,

100 1100 266 1179 μόσασθαι
288 1098 349 1180 μὲν
371 1099 411 1180 δή
436 1099 479 1181 μή
501 1102 569 1181 μετ’
593 1100 700 1173 αἰτίας
720 1099 809 1174 τινὸς
831 1098 942 1163 ὑεινὸν
962 1096 1005 1181 ήν
1019 1101 1075 1162 καλ

98 1203 224 1278 ὑποψία
245 1204 378 1284 μεγάλη.
411 1204 462 1282 ,τί
478 1204 579 1284 λέγεις
584 1226 597 1284 ,·
620 1202 673 1266 ἐπὶ
687 1205 865 1284 τηλικαῦτα
880 1204 936 1264 καλ
950 1206 1074 1266 τοιαῦτ’

100 1305 210 1387 ἀγαθά
226 1305 299 1388 ούχλ
310 1306 449 1387 βαδίζεις
465 1305 662 1389 ἀπαγγείλας
674 1305 753 1369 οὐδὲ
768 1306 990 1389 πρεσβεύεις;“
1009 1305 1075 1368 ε’ὑει

99 1408 133 1472 δὲ
154 1409 275 1490 μένειν.
320 1417 389 1484 πῶς
418 1404 497 1488 οὑν,·
530 1410 710 1494 ἀρρωστεῖν
737 1410 986 1493 προφασίζεται,
1020 1409 1076 1470 καλ

98 1511 206 1593 λαβὼν
217 1507 407 1592 Ἐξήκεστον
424 1513 483 1576 τὸν
498 1512 612 1597 ἰατρὸν
627 1513 769 1595 ἁδελφὸς
788 1513 891 1578 αὑτοῦ
914 1515 970 1577 καί
984 1531 1082 1598 προσ-

98 1615 205 1679 ελθὼν
216 1623 255 1698 τή
266 1616 368 1698 βουλή
385 1614 547 1697 ἐξώμοσεν
565 1615 746 1700 ἀρρωστεῖν
760 1618 892 1682 τουτονί
906 1620 962 1681 καί
977 1617 1076 1692 αὐτὸς

98 1717 338 1802 ἐχειροτονήθη.
362 1718 473 1801 ἐπειδή
486 1721 514 1782 θ’
520 1718 748 1784 ἀπωλώλεσαν
760 1720 791 1783 ολ
801 1723 927 1796 Φωκεῖς
936 1723 1076 1803 ὕστερον
1088 1739 1103 1784 5

97 1821 233 1906 ήμέραις
254 1819 378 1904 πέντ’ίή
402 1821 444 1901 ἓξ,
467 1825 523 1885 καὶ
543 1824 634 1898 τέλος
656 1821 720 1906 εἶχε
741 1824 779 1888 τὺ
801 1826 942 1906 μίσθωμ’
967 1826 1074 1908 ὥσπερ

98 1926 138 1990 ἂν
161 1929 239 1990 ἀλλο
261 1948 292 1990 τι
313 1928 429 2012 τούτφ,
457 1928 513 1989 καί
535 1927 554 1989 ὑ
577 1930 746 2011 Δερκύλος
775 1927 811 1991 ἐκ
832 1936 890 2010 τής
911 1929 1080 2003 Χαλκίδος.

97 2027 175 2111 ήκεν
198 2029 406 2113 ἀναστρέψας
427 2030 483 2092 καὶ
506 2029 700 2113 ἀπήγγειλεν
714 2030 794 2113 ὑμῖν
809 2031 1076 2113 ἐκκλησιάζουσιν

7 2118 8 2147 ³
98 2131 133 2215 ἐν
142 2136 305 2215 Πειραιεῖ,
322 2133 372 2195 ὅτι
386 2135 512 2208 Φωκεῖς
527 2132 722 2214 ἀπολώλασι,
737 2135 794 2197 καί
804 2135 906 2216 ὑμεῖς,
919 2131 945 2197 ὦ
959 2136 1075 2218 ἄνδρες

92 2230 285 2317 Ἀθηναῖοι,
313 2237 405 2298 ταῦτ’
435 2236 635 2313 ἀκούσαντες
657 2238 789 2313 εἰκότως
810 2237 974 2312 κάκείνοις
1002 2254 1075 2301 συν·

96 2339 239 2422 ήχθεσθε
261 2340 318 2402 καί
339 2339 469 2416 ἑαυτοῖς
491 2338 715 2424 ἐξεπέπληχθε,
738 2341 793 2403 καί
811 2340 932 2416 παῖδας
947 2342 1003 2403 καί
1017 2364 1073 2423 γυ-

7 2452 9 2515 ῗ
96 2453 213 2517 υαῖκας
235 2441 271 2506 ἐκ
290 2451 358 2506 τῶν
381 2443 491 2528 ἀγρῶν
513 2446 740 2527 κατακομίζειν
754 2443 950 2528 ἐψηφίζεσθε
965 2444 1021 2506 καί
1035 2445 1075 2506 τὰ

7 2538 8 2615 f
97 2543 229 2631 φρούρι’
255 2545 477 2624 ἐπισκευάζειν
498 2549 556 2611 καί
575 2547 634 2612 τὸν
650 2552 793 2633 Πειραιοῖ
807 2549 952 2631 τειχίζειν
966 2548 1022 2610 καί
1034 2548 1075 2610 τὰ

7 2670 8 2733 ι
91 2645 253 2734 Ἡράκλει’
276 2648 313 2714 ἐν
335 2654 424 2714 ἄστει
445 2652 552 2731 θύειν,
569 2688 609 2697 -
625 2651 735 2734 ἐπειδή
758 2654 849 2715 ταῦτ’
871 2647 913 2733 ήν
934 2653 991 2714 καί
1012 2665 1104 2713 τοι-6

97 2755 180 2836 αύτη
208 2753 330 2837 ταραχή
358 2755 414 2817 καί
435 2763 583 2830 τοιοῦτος
609 2755 754 2839 θόρυβος
781 2755 994 2839 περιειστήκει
1016 2755 1080 2837 τήν

7 2910 8 2917 ,
96 2859 203 2938 πόλιν,
225 2861 398 2940 τηνικαῦθ’
423 2858 441 2920 ὑ
464 2859 566 2941 σοφὸς
587 2861 644 2923 καί
666 2856 772 2934 θεινὺς
787 2857 883 2935 οὗτος
900 2861 959 2922 καί
972 2863 1073 2944 εὔφω-

7 2976 8 3047 λ
97 2985 164 3041 νος,
188 2963 265 3025 οὔτε
287 2962 408 3045 βουλῆς
430 2964 505 3026 οὔτε
528 2962 637 3045 ὑήμου
658 2963 945 3046 χειροτονήσαντος
962 2965 1074 3043 αὑτόν,

98 3069 199 3149 ᾤχετο
221 3066 414 3148 πρεσβεύων
437 3063 481 3142 ῶς
501 3065 560 3146 τὸν
574 3075 679 3129 ταῦτα
693 3065 902 3148 πεποιηκότα,
926 3068 1002 3128 οὑτε
1016 3066 1076 3148 τήν

97 3166 291 3252 ἀρρωστίαν,
308 3167 359 3251 ἐφ’
375 3155 398 3253 ᾗ
412 3169 476 3232 τότ’
490 3167 681 3252 ἐξωμόσαθ’,
692 3169 982 3251 ὑπολογισάμενος,
999 3171 1072 3231 οὔθ’

97 3271 146 3334 ότι
168 3270 368 3355 πρεσβευτὴς
390 3274 485 3347 ἄλλος
499 3273 588 3356 ήρητ
612 3270 686 3337 ἀνθ’
706 3270 917 3352 αὑτοῦ,.ούθ’
943 3273 1073 3337 ὅτιτῶν

96 3375 256 3457 τοιούτων
278 3374 296 3437 ὀ
317 3375 419 3457 νόμος
439 3377 588 3440 θάνατον
609 3376 670 3458 τήν
698 3377 814 3459 ζημίαν
836 3372 919 3441 εἶναι
940 3380 1074 3454 κελεύει,

97 3480 176 3542 οὔθ’
196 3479 445 3555 ὑτιπάνὺεινόυ
467 3478 563 3560 ἐστιν,
587 3480 803 3563 ἀπηγγελκόθ’
827 3480 870 3557 ὡς
885 3480 1103 3563 ἐπικεκήρυῖ

96 3603 171 3645 κται
185 3582 320 3666 χρήματ’
338 3582 425 3667 αὑτῷ
441 3583 478 3647 ἐν
495 3584 628 3666 Θήβαις,
651 3583 762 3666 ἐπειδή
782 3587 921 3667 Θηβαῖοι
934 3585 1016 3668 πρὸς
1028 3592 1081 3668 τῷΑ

917 3684 951 3734 g*
