2484 3992
167 228 210 294 30
381 252 385 257 ·
439 231 500 296 III.
524 233 883 296 ΔΗΜΟΣΘΕΝΟῬΣ

138 435 152 483 7
167 420 255 498 άσαι,
277 422 382 486 τούτω
396 423 698 504 προσαγαγόμενον,
722 424 782 503 τὴν
798 423 826 486 δ
838 418 1020 488 Ὀλυνθίων
1035 424 1159 506 φιλίαν

166 525 247 607 μετὰ
278 534 382 589 ταῦτα
414 536 459 611 τῶ
481 528 683 591 Ποτείδαιαν
710 524 816 591 οὖσαν
842 527 1003 612 ὑμετέραν
1032 526 1160 606 ἐξελεῖν

168 629 224 692 καί
245 631 323 707 τοὺς
343 631 405 712 μὲν
432 631 593 715 πρότερον
622 634 811 714 συμμάχους
844 631 1013 714 άδιυησαι,
1048 653 1159 716 παρα-

168 733 286 798 δοῦναι
301 733 330 797 δ’
350 732 495 814 ἐκείνοις,
521 737 704 810 Θετταλοὺς
718 736 755 799 δὲ
775 745 838 800 νῦν
858 736 899 799 τά
920 737 1093 799 τελευταῖα
1108 745 1158 821 τῷ

167 838 370 919 Μαγνησίαν
389 838 600 922 παραδώσειν
622 838 824 921 ὑποσχέσθαι
846 838 902 901 καὶ
923 837 982 903 τὸν
997 839 1160 903 Φωκικὸν

168 941 312 1022 πόλεμον
332 940 526 1022 πολεμήσειν
547 940 631 1025 ὑπὲρ
660 937 773 1005 αὐτῶν
795 939 1029 1018 ἀναδέξασθαι.
1070 941 1158 1018 ὅλως

169 1043 199 1106 δ’
222 1038 334 1119 οὐδεὶς
356 1044 443 1108 ἔστιν
459 1045 558 1109 ὅντιν’
574 1045 615 1109 οὐ
629 1046 818 1129 πεφενάκικ’
841 1044 964 1121 ἐκεῖνος
977 1052 1045 1108 τῶν
1061 1044 1157 1129 αὐτῷ

168 1148 395 1230 χρησαμένων·
418 1148 479 1231 τὴν
499 1150 563 1232 γδιρ
586 1147 732 1213 ἑκάστων
755 1153 872 1213 ἄνοιαν
895 1149 946 1214 ἀεὶ
967 1157 1034 1212 τῶν
1057 1149 1156 1231 άγνο

169 1252 298 1316 ούνιων
330 1253 432 1318 αὐτὸν
465 1252 633 1331 ἐξαπατῶν
664 1255 721 1318 καί
752 1255 1012 1339 προσλαμβάνων
1046 1255 1157 1329 οὕτως

140 1350 306 1438 έηάξήθη.
351 1357 460 1440 ὥσπερ
489 1354 551 1421 οὖν
572 1356 629 1420 διά
656 1359 783 1421 τούτων
805 1360 893 1440 ἤρθη
921 1359 1036 1439 μέγας,
1066 1355 1155 1440 ἡνίχ’

169 1457 300 1523 ἕκαστοι
334 1461 503 1544 συμφέρον
531 1460 635 1525 αὐτὸν
661 1460 792 1537 ἑαυτοῖς
822 1461 925 1545 ᾤοντό
946 1482 978 1524 τι
1005 1458 1156 1543 πράξειν,

171 1562 276 1639 οὕτως
297 1563 420 1647 ὀφείλει
448 1565 505 1629 διὰ
531 1573 598 1629 τῶν
626 1566 737 1630 αὐτῶν
762 1566 890 1629 τούτων
916 1565 972 1627 καὶ
999 1569 1157 1648 καθαιρε-

170 1670 273 1749 θῆναι
293 1669 401 1747 πάλιν,
425 1667 536 1752 ἐπειδὴ
559 1671 660 1733 πάνθ’
678 1669 769 1752 εἳνεχί
786 1668 907 1733 ἑαυτοῦ
922 1676 1028 1732 ποιῶν
1050 1665 1156 1749 ἐξελή-

171 1774 309 1852 λεγκται.
354 1783 472 1857 καιροῦ
502 1774 563 1856 μέν
584 1774 643 1856 δή,
672 1770 838 1859 ὦάνδρες
857 1769 1043 1856 Ἀθηναῖοι,
1070 1773 1158 1855 πρὸς

171 1883 270 1939 τοῦτο
282 1877 420 1959 πάρεστι
434 1879 584 1962 Φιλίππῳ
599 1878 641 1941 τά
655 1879 847 1961 πράγματα·
869 1876 889 1958 ἢ
912 1877 1088 1960 παρελθών
1104 1898 1157 1952 τις
1226 1914 1227 1937 1

172 1978 254 2060 έμοί,
276 1982 399 2061 μᾶλλον
421 1981 450 2043 δ’
466 1981 547 2064 ὑμῖν
567 1978 714 2061 δειξάτω,
736 1981 756 2063 ἢ
781 1979 825 2056 ὡς
846 1980 908 2044 οὐκ
931 1981 1039 2062 ἀληθῆ
1061 1978 1155 2044 ταῦτ’

172 2080 236 2164 ἐγὼ
258 2082 357 2164 λέγω,
384 2082 405 2164 ἢ
429 2081 474 2160 ὡς
494 2082 528 2147 ολ
548 2084 590 2148 τά
610 2081 710 2169 πρῶτ’
735 2081 969 2166 ἐξηπατημένοι
990 2083 1032 2147 τά
1054 2084 1157 2146 λοιπδι

172 2188 414 2268 πιστεύσουσιν,
437 2187 458 2270 ἢ
483 2186 526 2265 ὡς
548 2188 580 2253 ολ
600 2189 692 2274 παρὰ
712 2187 774 2270 την
796 2187 906 2251 αὐτῶν
928 2184 1023 2263 άξίαν
1038 2187 1154 2250 δεδου

172 2293 312 2371 λώμενοι
333 2287 526 2377 [Θετταλοὶ]
553 2301 617 2357 νῦν
645 2291 707 2357 οὐκ
740 2291 782 2355 ἂν
815 2290 984 2372 ἐλεύθεροι
1013 2287 1154 2372 γένοιντ’

174 2397 318 2475 ἄσμενοι.
1023 2402 1027 2408 ’

143 2512 159 2560 9
262 2497 328 2560 Καὶ
344 2497 409 2580 μην
424 2501 517 2574 εἴτις
530 2498 625 2581 ὑμῶν
646 2508 750 2563 ταῦτα
772 2499 832 2580 μὲν
848 2497 954 2572 οὕτως
969 2496 1053 2579 έχειν
1067 2494 1155 2576 ἡγεῖ·

173 2623 237 2680 ται,
260 2603 362 2665 οἴεται
384 2601 421 2666 δέ
442 2603 499 2686 βία
519 2601 672 2680 καθέξειν
694 2602 796 2668 αὐτὸν
809 2602 850 2666 τὰ
863 2601 1039 2682 πράγματα
1054 2607 1100 2683 τῷ
1114 2598 1156 2661 τδι

173 2706 277 2788 χωρία
299 2705 354 2768 καὶ
375 2706 508 2788 λιμένας
529 2706 585 2769 καί
606 2707 647 2770 τὰ
668 2715 807 2771 τοιαῦτα
828 2704 1071 2790 προειληφέναι,
1094 2702 1157 2766 οὐκ

175 2807 285 2892 ὀρθῶς
299 2810 411 2873 οίεται.
436 2809 516 2873 ὅταν
529 2810 669 2893 μὲνγὰρ
693 2810 747 2873 ὑπ’
762 2809 895 2883 εὐνοίας
917 2807 958 2870 τδι
979 2807 1155 2889 πράγματα

177 2920 278 2995 συστῇ
306 2912 362 2974 καί
388 2920 469 2976 ποῖσι
495 2912 600 2978 ταύτὰ
634 2914 784 2997 συμφέρη
811 2921 880 2987 τοῖς
901 2911 1073 2993 μετέχουσι
1094 2915 1154 2971 τοῦ

173 3018 328 3099 πολέμου,
350 3018 407 3081 καί
430 3027 608 3100 συμπονεῖν
629 3021 685 3081 καλ
705 3019 819 3102 φέρειν
840 3016 898 3091 τὰς
913 3013 1087 3096 συμφορὰς
1100 3011 1156 3075 καί

175 3124 286 3205 μένειν
300 3120 472 3198 ἐθέλουσιν
486 3123 676 3206 ἅνθρωποι·
701 3123 780 3185 ὅταν
802 3122 830 3184 δ
843 3119 879 3183 έιι
899 3114 1087 3194 πλεονεξίας
1101 3113 1155 3178 καί

175 3227 335 3310 πονηρίας
349 3247 399 3301 τις
420 3226 530 3308 ὥσπερ
553 3224 650 3301 οὗτος
672 3226 798 3308 ίσχύση,
820 3223 968 3305 ἡπρώτη
990 3220 1155 3303 πρόφασις

176 3332 232 3394 καὶ
259 3331 377 3414 μικρὸν
398 3340 544 3413 πταῖσμα
572 3331 667 3394 πάντ’
691 3329 893 3412 ἀνεχαίτισεν
919 3326 976 3388 καὶ
996 3325 1153 3388 διέλυσεν.

135 3450 167 3498 10
177 3436 218 3499 οὐ
232 3436 298 3520 γάρ
313 3436 410 3514 ἔστιν,
426 3435 488 3499 οὐκ
500 3435 596 3513 ἔστιν,
613 3430 771 3515 ὦάυδρες
782 3427 961 3511 Ἀθηναῖοι,
979 3427 1155 3492 άδικοῦιπα

177 3540 422 3623 κάπιορκοῦντα
448 3538 504 3601 καί
533 3537 740 3618 ψευδόμενον
761 3535 906 3614 δύναμιν
926 3530 1063 3614 βεβαίαν
1084 3528 1153 3610 ατη·
