2484 3992
191 223 233 286 26
458 223 501 287 II.
533 223 894 287 ΔΗΜΟΣΘΕΝΟΥΣ

190 433 230 495 τά
254 434 425 496 Θετταλῶν
446 431 510 495 ἀπὸ
531 433 659 495 τούτων
680 431 751 494 δέοι
772 432 918 508 διοικεῖν,
942 429 983 493 ού
1006 432 1187 495 Φίλιππον

188 536 375 619 λαμβάνειν.
420 537 449 600 εί
471 535 507 598 δὲ
529 536 657 599 τούτων
686 533 986 618 ἀποστερηθήσεται
1008 543 1077 597 τῶν
1100 558 1184 618 χρη-

188 641 315 722 μάτων,
343 640 390 714 είς
418 638 532 702 στενὸν
552 639 672 721 κομιδῇ
694 638 734 700 τά
755 646 812 719 τής
834 646 958 721 τροφής
978 646 1048 712 τοῖς
1069 634 1187 714 ξένοις

146 746 277 821 κεαύτῷ
299 741 541 824 καταστήσωσι.
567 742 647 805 ἀλλά
669 742 734 823 μήν
755 742 865 823 τόνγε
882 741 1012 804 Παίονα
1034 742 1094 803 καί
1119 742 1185 806 τὸν

186 843 343 930 Ἰλλυριὸν
375 847 431 908 καί
460 845 569 921 ἁπλῶς
589 848 728 920 τούτους
756 845 902 921 ἅπαντας
927 844 1085 927 ἡγεῖσθαι
1113 847 1182 930 χρή

190 951 395 1030 αὐτονόμους
410 949 506 1032 ήδιον
522 949 564 1012 ἂν
578 949 633 1011 καί
649 948 845 1033 ἐλευθέρους
866 948 886 1030 ἢ
910 949 1054 1024 δούλους
1070 946 1181 1014 εἶναι·

189 1053 244 1116 καὶ
256 1054 320 1135 γάρ
332 1052 447 1134 ἀήθεις
458 1061 517 1115 τοῦ
530 1053 725 1116 κατακούειν
736 1054 825 1127 τινός
839 1052 913 1130 είσι,
928 1052 983 1114 καὶ
994 1051 1183 1135 ἅνθρωπος

189 1157 352 1239 ὑβριστής,
376 1157 420 1231 ὥς
441 1171 553 1239 φασιν.
587 1156 643 1218 καὶ
666 1154 712 1237 μδι
727 1157 779 1218 Δί’
804 1155 903 1218 οὐδὲν
919 1159 1056 1218 ἀπιστον
1078 1159 1180 1232 ἴσως·

188 1260 226 1324 τὸ
240 1260 304 1342 γὰρ
316 1256 355 1324 εὖ
365 1261 518 1343 πράττειν
540 1260 631 1341 παρὰ
646 1259 706 1340 τήν
721 1258 815 1336 ἀξίαν
830 1257 962 1341 ἀφορμή
985 1268 1047 1322 τοῦ
1061 1269 1181 1336 κακῶς

188 1373 325 1447 φρονεῖν
346 1373 414 1438 τοῖς
437 1363 588 1444 ἀνοήτοις
602 1362 757 1445 γίγνεται,
782 1363 897 1444 διόπερ
912 1362 1066 1437 πολλάκις
1082 1364 1180 1428 δοκεῖ

189 1467 226 1531 τὸ
242 1464 384 1549 φυλάξαι
398 1466 529 1548 τάγαθὰ
551 1475 610 1529 τοῦ
629 1465 815 1546 κτήσασθαι
836 1469 1059 1548 χαλεπώτερον
1075 1462 1177 1530 ελναι.

145 1588 179 1635 24
189 1572 243 1634 δεῖ
260 1572 375 1635 τοίνυν
397 1571 498 1652 ὑμεῖς,
528 1566 553 1632 ὦ
576 1571 695 1652 ἄνδρες
713 1567 900 1651 Ἀθηναῖοι,
927 1568 989 1652 τήν
1016 1569 1179 1653 ἀκαιρίαν

187 1674 247 1755 τήν
269 1674 398 1738 ἐκείνου
420 1674 536 1755 καιρὸν
558 1672 717 1754 ύμέτερον
733 1675 930 1754 νομίσαντας
945 1673 1080 1754 ἑτοίμως
1099 1691 1178 1738 συν-

188 1781 333 1861 άρασθαι
343 1778 383 1841 τά
394 1779 579 1861 πράγματα,
592 1777 648 1839 καί
662 1777 943 1860 πρεσβευομένους
952 1772 1000 1858 ἐφ’
1015 1777 1037 1838 ἃ
1049 1777 1175 1841 δεῖκαὶ
1232 1856 1233 1861 ¹

189 1881 466 1963 στρατευομένους
481 1880 602 1954 αὐτοὺς
616 1880 673 1942 καί
687 1877 932 1961 παροξύνοντας
945 1881 1024 1954 τοὺς
1054 1883 1178 1957 ἄλλους
1232 1864 1233 1877 ¹

189 1983 344 2063 ἅπαντας,
367 1983 601 2065 λογιζομένους,
626 1984 654 2045 εί
679 1983 841 2056 Φίλιππος
862 1983 957 2062 λάβοι
978 1986 1053 2045 καθ’
1077 1982 1178 2064 ήμῶν
1232 2012 1233 2071 j

188 2095 339 2149 τοιοῦτον
367 2085 483 2169 καιρὸν
511 2087 567 2148 καὶ
581 2087 720 2167 πόλεμος
748 2085 876 2166 γένοιτο
905 2084 986 2167 πρὸς
1007 2093 1046 2168 τῇ
1068 2087 1175 2170 χώρᾳ,
1232 2084 1233 2163 λ

187 2197 256 2264 πῶς
272 2189 314 2252 ἂν
330 2188 431 2252 αύτὸν
446 2189 548 2252 οἴεσθ’
565 2188 701 2270 ἑτοίμως
716 2185 766 2268 ἐφ’
784 2187 869 2270 ὑμᾶς
883 2187 1001 2252 ἐλθεῖν.
1036 2183 1091 2252 εἶτ’
1107 2189 1174 2252 ούκ
1232 2174 1233 2177 ¹

188 2294 386 2375 αἰσχύνεσθ’,
409 2294 438 2355 εί
460 2289 533 2375 μηδ’
559 2294 580 2355 ά
602 2292 735 2354 πάθοιτ’
760 2294 810 2371 ἄν,
833 2291 863 2354 εί
885 2289 1011 2354 δύναιτ’
1036 2290 1173 2372 ἐκεῖνος,
1232 2290 1233 2293 ’

186 2406 290 2460 ταῦτα
312 2405 447 2477 ποιήσαι
469 2395 586 2479 καιρὸν
609 2395 734 2477 ἔχοντες
757 2395 798 2457 οὐ
820 2394 1011 2476 τολμήσετε,

145 2517 178 2564 25
276 2495 347 2563 Ἐτι
361 2502 486 2578 τοίνυν,
503 2495 529 2561 ὦ
546 2499 663 2580 ἄνδρες
671 2493 855 2580 Ἀθηναῖοι,
878 2498 961 2579 μηδὲ
975 2502 1070 2562 τοῦθ’
1085 2500 1176 2581 ὑμᾶς

188 2605 388 2684 λανθανέτω,
414 2605 463 2667 ὅτι
485 2611 548 2666 νῦν
570 2601 694 2684 αἵρεσίς
717 2601 804 2665 ἐστιν
826 2601 921 2683 ύμῖν,
949 2603 1062 2686 πότερ’
1085 2603 1175 2685 ὑμεῖς

187 2708 256 2772 ἐκεῖ
274 2708 334 2791 χρή
357 2709 509 2788 πολεμεῖν
530 2706 550 2787 ἢ
573 2709 649 2788 παρ’
673 2706 752 2787 ύμῖν
776 2704 910 2768 ἐκεῖνον.
945 2704 1003 2768 ἐὰν
1024 2706 1086 2787 μὲν
1108 2708 1174 2790 γὰρ

188 2811 303 2894 ἀντέχῃ
326 2810 366 2874 τά
388 2818 455 2873 τῶν
478 2810 667 2887 Ὀλυνθίων,
696 2808 789 2890 ύμεῖς
810 2808 879 2872 ἐκεῖ
898 2809 1095 2890 πολεμήσετε
1115 2810 1173 2872 καὶ

184 2914 245 2996 τήν
268 2914 395 2978 ἐκείνου
417 2923 527 2989 κακῶς
548 2914 698 2994 ποιήσετε
719 2912 781 2994 τήν
803 2913 1018 2995 ὑπάρχουσαν
1039 2914 1095 2976 καὶ
1110 2914 1172 2994 τήν

187 3020 312 3083 οἰκείαν
332 3020 455 3100 ταύτην
479 3018 582 3092 ἀδεῶς
604 3018 845 3101 καρπούμενοι·
870 3017 911 3080 ἂν
932 3017 963 3080 δ’
987 3016 1094 3080 ἐκεῖνα
1112 3018 1169 3081 Φί-

134 3134 169 3186 26
181 3124 395 3206 λιπποςλύβή,
407 3124 455 3198 τίς
467 3121 568 3185 αύτὸν
579 3122 720 3184 κωλύσει
730 3122 830 3203 δεῦρο
841 3121 1001 3202 βαδίζειν·
1021 3123 1168 3203 Θηβαῖοι.

185 3224 230 3307 μή
252 3226 327 3288 λίαν
347 3225 466 3309 πικρὸν
482 3225 585 3289 εἰπεῖν
600 3213 632 3308 ᾖ,
655 3225 711 3286 καὶ
732 3224 1003 3305 συνεισβαλοῦσιν
1025 3223 1166 3306 ἑτοίμως.

187 3329 267 3392 ἀλλὰ
292 3332 426 3405 Φωκεῖς.
472 3328 503 3391 ολ
530 3329 590 3409 τήν
618 3329 745 3392 οίκείαν
772 3327 831 3410 οὐχ
854 3325 922 3390 οίοί
941 3347 976 3390 τε
998 3329 1089 3402 ὄντες
1110 3348 1167 3409 φυ

185 3434 322 3512 λάττειν,
347 3433 388 3496 ἂν
409 3432 454 3514 μή
476 3434 660 3514 βοηθήσηθ’
683 3432 777 3513 ὑμεῖς
797 3430 817 3511 ἢ
841 3433 937 3506 ἄλλος
957 3450 1014 3505 τις.
1054 3430 1120 3493 ἀλλ’
1142 3426 1166 3493 ὦ

185 3541 246 3597 τάν
261 3535 334 3617 οὐχί
348 3535 552 3616 βουλήσεται.
576 3542 643 3596 τῶν
659 3535 878 3598 ἀτοπωτάτων
892 3534 1013 3616 μέντᾶν
1027 3537 1087 3616 είη,
1103 3535 1132 3597 εί
1146 3536 1165 3595 ἃ
