2484 3992
168 260 209 324 86
429 258 504 324 VII.
529 258 887 323 ΔΗΜΟΣΘΕΝΟΤΣ

166 451 245 532 γάρ,
280 444 306 512 ὦ
335 449 452 535 ἀνδρες
469 445 657 533 Ἀθηναῖοι,
689 447 840 531 παριδὼν
872 451 894 511 ἂ
928 451 1080 513 συνοίσει
1108 459 1160 534 τῇ

168 554 270 633 πόλει,
285 553 389 636 κρίνει
406 553 540 635 δημεύει
556 551 674 616 δίδωσι
688 561 870 635 κατηγορεῖ,
893 551 1035 636 οὐδεμιᾷ
1054 556 1161 617 ταῦτ’

169 656 304 741 ἀνδρείᾳ
319 666 416 735 ποιεῖ,
439 655 506 718 ἀλλ’
522 655 605 739 ἔχων
620 655 776 738 ἐνέχυρον
789 664 846 738 τῆς
861 654 966 719 αὑτοῦ
984 658 1161 740 σωτηρίας

168 761 205 825 τὸ
227 760 309 843 πρὸς
329 761 425 843 χάριν
440 760 519 841 ὑμῖν
538 759 645 842 λέγειν
660 760 716 823 καὶ
729 761 968 839 πολιτεύεσθαι,
992 759 1161 843 ἀσφαλῶς

168 866 296 946 θρασύς
324 861 427 926 έστιν·
463 863 550 936 ὅστις
582 863 613 925 δ’
642 863 724 945 ὑπὲρ
758 872 818 927 τοῦ
846 864 1013 945 βελτίστου
1043 864 1159 927 πολλὰ

167 975 236 1041 τοῖς
264 966 431 1048 ὑμετέροις
466 964 673 1029 ἐναντιοῦται
700 965 920 1048 βουλήμασιν,
953 965 1009 1028 καί
1043 966 1160 1048 μηδὲν

168 1072 253 1152 λέγει
275 1070 358 1154 πρὸς
378 1072 485 1155 χάριν,
509 1071 590 1134 ἀλλὰ
611 1070 649 1133 τὸ
671 1072 838 1153 βέλτιστον
853 1069 914 1150 ἀεί,
937 1069 1069 1151 καλιὴν
1085 1092 1158 1134 τοι·

169 1175 274 1256 αύτην
296 1175 462 1238 πολιτείαν
482 1183 699 1257 προαιρεῖται,
729 1173 766 1237 έν
792 1161 814 1259 ᾖ
841 1175 1002 1237 πλειόνων
1022 1172 1044 1255 ἡ
1067 1175 1157 1257 τύχη

170 1280 270 1361 κυρία
291 1279 438 1360 γίγνεται
459 1277 480 1359 ἢ
504 1277 536 1340 οἱ
558 1279 723 1359 λογισμοί,
749 1278 878 1341 τούτων
900 1278 929 1340 δ’
952 1276 1160 1359 ἀμφοτέρων

169 1379 289 1444 ἑαυτὸν
312 1380 507 1445 ὑπεύθυνον
528 1379 609 1462 ὑμῖν
626 1380 770 1463 παρέχει,
793 1377 890 1455 οὗτός
904 1378 968 1444 ἐστ’
985 1381 1156 1462 ἀνδρεῖος,

127 1484 225 1547 ῖοκαὶ
246 1483 403 1567 χρήσιμός
423 1505 461 1566 ηε
482 1485 615 1566 πολίτης
630 1483 649 1546 δ
664 1484 813 1559 τοιοῦτός
834 1482 931 1563 ἐστιν,
954 1483 1016 1566 οὐχ
1039 1484 1072 1545 οἱ
1095 1494 1158 1566 τῆς

168 1590 244 1669 παρ’
267 1587 394 1671 ἡμέραν
415 1591 544 1671 χάριτος
571 1589 612 1651 τδι
638 1588 775 1670 μέγιστα
796 1596 853 1671 τῆς
878 1588 1003 1663 πόλεως
1025 1587 1156 1651 ἀπολω

169 1692 310 1772 λεκύτες,
343 1694 403 1767 οὓς
435 1689 499 1774 ἐγὼ
531 1692 694 1755 τοσούτου
720 1690 786 1754 δέω
819 1689 977 1772 ζηλοῦνῆ
1005 1691 1157 1772 νομίζειν

170 1793 281 1872 ἀξίους
301 1798 435 1870 πολίτας
462 1803 519 1877 τῆς
541 1796 665 1870 πόλεως
688 1791 787 1873 εἶναι,
816 1795 891 1857 ὥστ
921 1796 1021 1868 εἴτις
1043 1793 1156 1877 ἔροιτό

171 1903 203 1982 μ’
229 1898 319 1984 ,εἰπέ
333 1921 399 1981 μοι,
424 1900 465 1962 σὺ
481 1899 517 1964 δὲ
534 1899 575 1981 δὴ
591 1900 624 1962 τί
644 1897 705 1980 τὴν
726 1900 823 1962 πόλιν
843 1897 923 1980 ἡμῖν
945 1896 1077 1979 ἀγαθὸν
1100 1920 1155 1961 πε-

169 2001 343 2084 ποίηκας,·“
370 2003 462 2085 ἔχων,
486 1998 512 2065 ὦ
536 2003 653 2085 ἄνδρες
668 2003 846 2083 Ἀθηναῖοι,
869 2000 925 2064 καὶ
939 2002 1156 2083 τριηραρχίας

174 2107 277 2171 εἰπεῖν
299 2107 355 2169 καὶ
370 2109 526 2190 χορηγίας
541 2107 596 2168 καὶ
610 2107 785 2189 χρημάτων
800 2106 956 2189 εἰσφορὰς
970 2106 1027 2167 καὶ
1041 2106 1157 2181 λύσεις

128 2226 157 2273 τι
172 2210 392 2292 αἰχμαλώτων,
416 2209 471 2271 καί
493 2210 647 2282 τοιαύτας
662 2211 760 2283 ἀλλας
775 2208 1034 2291 φιλανθρωπίας,
1051 2208 1156 2272 οὐδὲν

173 2315 214 2379 ἂν
235 2316 362 2379 τούτων
390 2317 528 2396 εἴποιμι,
563 2313 630 2375 ἀλλ’
660 2314 710 2377 ὅτι
731 2322 799 2376 τῶν
820 2312 981 2376 τοιούτων
1002 2314 1154 2376 πολιτευ·

173 2420 285 2500 μάτων
313 2418 413 2482 οὐδὲν
434 2419 661 2500 πολιτεύομαι,
690 2416 771 2479 ἀλλὰ
792 2416 977 2498 δυνάμενος
999 2414 1041 2478 ἂν
1064 2418 1154 2495 ἴσως,

174 2524 281 2607 ὥσπερ
304 2523 359 2585 καὶ
379 2521 492 2608 ἕτερον,
515 2523 572 2585 καί
592 2529 787 2605 κατηγορεῖν
808 2521 864 2582 καί
885 2521 1075 2602 χαρίζεσθαι
1096 2520 1156 2581 καί

176 2627 332 2707 δημεύειν
353 2625 409 2687 καί
430 2622 515 2688 τᾶλλ’
541 2627 562 2687 ἃ
583 2633 740 2688 ποιοῦσιν
763 2621 856 2687 οὗτοι
870 2630 987 2701 ποιεῖν,
1011 2620 1084 2684 οὐδ’
1101 2621 1154 2703 ἐφ’

174 2729 210 2792 ἓν
237 2728 365 2791 τούτων
396 2729 518 2792 πώποτ
548 2727 692 2810 ἐμαυτὸν
721 2725 834 2807 ἔταξα,
868 2725 947 2789 ούδὲ
980 2725 1157 2807 προήχθην

175 2832 248 2896 οὔθ’
272 2829 337 2895 ὑπὸ
359 2832 498 2914 κέρδους
512 2833 586 2895 οὐδ’
602 2831 669 2894 ὑπὸ
685 2832 880 2912 φιλοτιμίας,
903 2828 983 2891 ἀλλὰ
1006 2827 1156 2909 διαμένω

174 2934 293 3017 λέγων,
326 2932 359 3011 ἐξ
383 2934 429 2998 ὧν
456 2933 520 3016 ἐγὼ
547 2934 608 3015 μέν
640 2936 768 2996 πολλῶν
801 2931 943 2996 έλοίττων
976 2930 1042 3012 εἰμὶ
1076 2926 1154 3011 παρ’

175 3039 271 3121 ύμῖν,
305 3039 398 3121 ὑμεῖς
419 3040 459 3120 δ’,
493 3039 523 3103 εί
548 3038 706 3102 πείθεσθέ
726 3058 797 3119 μοι,
831 3037 958 3119 μείζους
987 3033 1029 3097 ἂν
1051 3037 1155 3116 είητε·

137 3159 168 3207 72
179 3144 267 3206 οὕτω
289 3143 352 3226 γὰρ
367 3146 445 3218 ἴσως
461 3142 688 3226 ἀνεπίφθονον
702 3142 814 3205 είπεῖν.
838 3139 918 3203 ούδέ
932 3137 1050 3221 μςέμοὶ
1065 3139 1157 3202 δοκεῖ

178 3248 311 3310 δικαίου
325 3251 412 3310 τοῦτ
428 3243 514 3310 εἶναι
528 3247 675 3324 πολίτου,
691 3253 828 3309 τοιαῦτα
840 3243 1054 3322 πολιτεύμαθ’
1070 3241 1155 3325 εὑρί-

179 3370 278 3430 σκειν,
295 3348 326 3427 ἐξ
342 3349 390 3413 διν
405 3349 543 3432 ἐγὼμὲν
557 3358 684 3432 πρῶτος
699 3348 793 3429 ὑμῶν
807 3346 895 3428 ἔσομ’
911 3342 1046 3424 εύθέεος,
1062 3344 1156 3426 ὑμεῖς

179 3455 216 3518 δὲ
238 3461 304 3516 τῶν
326 3455 433 3515 ἄλλων
454 3454 603 3515 ὕστατοι·
632 3450 712 3514 ἀλλὰ
736 3446 1000 3525 συναυξάνεσθαι
1022 3447 1074 3511 δεῖ
1095 3447 1156 3529 τὴν

179 3559 275 3620 πόλιν
297 3565 365 3631 τοῖς
386 3563 452 3617 τοῖν
475 3555 611 3636 ἀμαθῶν
631 3558 774 3618 πολιτῶν
795 3554 1008 3636 πολιτεύμασι
1032 3551 1090 3614 καὶ
1118 3551 1155 3614 τδ
