2484 3992
436 1000 858 1100 PRAEFATIO.

598 1231 701 1240 ...ι-

635 1349 662 1412 Ι.

199 1518 258 1583 De
281 1517 550 1604 eloquentiae
573 1517 747 1584 Atticae
775 1518 1022 1605 primordiis
1053 1528 1091 1583 et

503 1624 785 1689 incrementis.

261 1758 409 1824 Heroica
442 1752 510 1826 iam
543 1769 658 1827 aetate
691 1760 782 1847 apud
810 1759 961 1826 Graecos
994 1760 1139 1826 multum

157 1861 308 1927 valuisse
330 1866 462 1948 copiam
479 1864 614 1930 dicendi
637 1864 692 1930 vel
715 1868 750 1930 in
767 1863 889 1929 ducum
911 1863 1065 1929 conciliis
1080 1864 1139 1928 vel

158 1968 192 2030 in
205 1965 425 2031 conventibus
442 1967 594 2050 militum,
611 1970 804 2034 testimonio
828 1968 1046 2033 confirmatur
1061 1988 1138 2031 car-

158 2069 285 2132 minum
301 2066 565 2151 Homericorum‚
589 2073 624 2134 in
641 2070 761 2158 quibus
783 2081 920 2157 propter
936 2093 1010 2136 eam
1024 2073 1135 2156 ipsam
1232 2066 1233 2149 l

157 2168 358 2236 facultatem
380 2173 607 2259 compluribus
630 2173 714 2239 locis
738 2196 759 2239 a
780 2183 881 2259 poeta
905 2177 1041 2239 summis
1064 2173 1134 2239 lau·

159 2271 259 2338 dibus
295 2275 475 2342 efferuntur
502 2277 626 2342 Nestor
652 2276 772 2343 Ulixes
807 2276 876 2341 alii.
921 2276 1027 2341 Multo
1054 2298 1134 2343 vero
1232 2334 1233 2339 ,

157 2386 265 2449 maior
287 2384 350 2449 fuit
374 2380 477 2444 honos
501 2379 713 2465 eloquentiae
736 2380 776 2444 iis
800 2378 1017 2465 temporibus,
1048 2401 1135 2466 quae

158 2485 204 2552 ad
218 2486 382 2551 historiae
396 2482 497 2548 fidem
512 2485 648 2568 propius
664 2478 842 2565 accedunt,
866 2505 941 2549 cum
960 2484 994 2548 in
1012 2485 1133 2549 ceteris

158 2588 365 2654 Graecorum
387 2584 584 2651 civitatibus
613 2595 685 2650 tum
719 2585 810 2671 apud
838 2586 1134 2651 Athenienses.

155 2692 307 2778 Namque
329 2698 362 2756 et
379 2691 486 2755 omnis
502 2689 618 2754 Ionica
642 2710 725 2773 gens
749 2690 783 2752 in
805 2691 921 2774 primis
945 2688 1135 2754 excellebat

156 2793 320 2859 facultate
344 2791 478 2859 dicendi
506 2793 625 2856 innata
648 2790 793 2876 quadarn
821 2782 922 2877 atque
951 2793 1071 2872 insita,
1100 2800 1135 2855 et

157 2897 392 2976 Athenienses,
409 2918 485 2961 cum
502 2917 630 2960 summa
646 2903 797 2980 potestas
811 2903 845 2959 et
857 2895 1030 2980 imperium
1043 2903 1132 2958 esset

156 3023 259 3086 penes
288 2999 446 3086 populum
477 2998 608 3083 ipsique
638 3000 673 3062 in
700 2998 915 3064 contionibus
938 3006 971 3062 et
994 2997 1129 3063 iudiciis

155 3125 279 3169 causas
302 3102 456 3188 publicas
480 3124 521 3168 ac
545 3103 698 3187 privatas
723 3102 942 3168 decernerent
967 3100 1129 3167 diiudica-

154 3215 305 3292 remque,
313 3205 537 3271 libentissime
553 3204 739 3270 audiebant
757 3208 878 3291 eosqui
891 3204 1132 3271 dicendovale·

154 3307 1134 3390 bant‚eorumconsiliismaximemovebantur.Quofactum

156 3420 219 3493 est,
236 3414 347 3497 utqui
365 3414 400 3477 in
412 3410 706 3477 administratione
723 3413 771 3476 rei
790 3409 946 3497 publicae
957 3412 1132 3497 praeclare

153 3524 385 3597 versarentur,
416 3513 518 3579 iidem
548 3513 739 3599 eloquentia
766 3523 981 3598 praestarent
1003 3517 1133 3581 ceteris.

21 3884 164 3958 A
