<?xml version="1.0" encoding="UTF-8"?>
<!DOCTYPE html PUBLIC "-//W3C//DTD XHTML 1.0 Transitional//EN"
    "http://www.w3.org/TR/xhtml1/DTD/xhtml1-transitional.dtd">
<html xmlns="http://www.w3.org/1999/xhtml" xml:lang="en" lang="en">
 <head>
  <title>
</title>
<meta http-equiv="Content-Type" content="text/html;charset=utf-8" />
  <meta name='ocr-system' content='tesseract 3.04.00' />
  <meta name='ocr-capabilities' content='ocr_page ocr_carea ocr_par ocr_line ocrx_word'/>
</head>
<body>
  <div class='ocr_page' id='page_1' title='image "./orationesselect00demogoog_0117.png"; bbox 0 0 2484 3992; ppageno 0'>
   <div class='ocr_carea' id='block_1_1' title="bbox 386 267 1090 334">
    <p class='ocr_par' dir='ltr' id='par_1_1' title="bbox 386 267 1090 334">
     <span class='ocr_line' id='line_1_1' title="bbox 386 267 1090 334; baseline -0.004 0"><span class='ocrx_word' id='word_1_1' title='bbox 386 270 510 334; x_wconf 80' lang='grc' dir='ltr'><em>ΚΑΤΑ</em></span> <span class='ocrx_word' id='word_1_2' title='bbox 534 271 766 333; x_wconf 71' lang='lat' dir='ltr'><strong><em>mmor</em></strong></span> <span class='ocrx_word' id='word_1_3' title='bbox 785 268 820 332; x_wconf 90' lang='grc' dir='ltr'><strong><em>Γ.</em></strong></span> <span class='ocrx_word' id='word_1_4' title='bbox 1048 267 1090 333; x_wconf 81' lang='grc'><strong><em>93</em></strong></span> 
     </span>
    </p>
   </div>
   <div class='ocr_carea' id='block_1_2' title="bbox 13 439 1091 641">
    <p class='ocr_par' dir='ltr' id='par_1_2' title="bbox 13 439 1091 641">
     <span class='ocr_line' id='line_1_2' title="bbox 120 439 1088 527; baseline 0.004 -25"><span class='ocrx_word' id='word_1_5' title='bbox 120 439 185 504; x_wconf 90' lang='grc' dir='ltr'><strong><em>έστι</em></strong></span> <span class='ocrx_word' id='word_1_6' title='bbox 197 451 314 506; x_wconf 83' lang='grc' dir='ltr'><strong><em>ταῦτα·</em></strong></span> <span class='ocrx_word' id='word_1_7' title='bbox 337 444 394 506; x_wconf 86' lang='grc' dir='ltr'><strong><em>καί</em></strong></span> <span class='ocrx_word' id='word_1_8' title='bbox 413 442 477 527; x_wconf 81' lang='grc' dir='ltr'><strong><em>γάρ</em></strong></span> <span class='ocrx_word' id='word_1_9' title='bbox 493 442 535 507; x_wconf 85' lang='grc' dir='ltr'><strong><em>ἂν</em></strong></span> <span class='ocrx_word' id='word_1_10' title='bbox 549 442 806 525; x_wconf 74' lang='grc' dir='ltr'><strong><em>ἀβελτερώτατος</em></strong></span> <span class='ocrx_word' id='word_1_11' title='bbox 820 444 869 524; x_wconf 85' lang='grc' dir='ltr'><strong><em>εἰη</em></strong></span> <span class='ocrx_word' id='word_1_12' title='bbox 884 444 1018 507; x_wconf 90' lang='grc' dir='ltr'><strong><em>πάντων</em></strong></span> <span class='ocrx_word' id='word_1_13' title='bbox 1033 442 1088 506; x_wconf 90' lang='grc' dir='ltr'><strong><em>ἀν·</em></strong></span> 
     </span>
     <span class='ocr_line' id='line_1_3' title="bbox 13 545 1091 641; baseline 0.003 -33"><span class='ocrx_word' id='word_1_14' title='bbox 13 614 14 641; x_wconf 22' lang='lat'>1</span> <span class='ocrx_word' id='word_1_15' title='bbox 115 547 266 630; x_wconf 80' lang='grc' dir='ltr'><strong><em>δρώπων,</em></strong></span> <span class='ocrx_word' id='word_1_16' title='bbox 282 547 311 611; x_wconf 87' lang='grc' dir='ltr'><strong><em>εἰ</em></strong></span> <span class='ocrx_word' id='word_1_17' title='bbox 322 555 389 610; x_wconf 83' lang='grc' dir='ltr'><strong><em>τών</em></strong></span> <span class='ocrx_word' id='word_1_18' title='bbox 400 547 627 630; x_wconf 85' lang='grc' dir='ltr'><strong><em>ἀδικουμένων</em></strong></span> <span class='ocrx_word' id='word_1_19' title='bbox 638 547 732 629; x_wconf 79' lang='grc' dir='ltr'><strong><em>ὑμῶν</em></strong></span> <span class='ocrx_word' id='word_1_20' title='bbox 749 545 852 629; x_wconf 74' lang='grc' dir='ltr'><strong><em>μηδὲν</em></strong></span> <span class='ocrx_word' id='word_1_21' title='bbox 863 545 1091 628; x_wconf 72' lang='grc' dir='ltr'><strong><em>ἐγκαλούντων</em></strong></span> 
     </span>
    </p>
   </div>
   <div class='ocr_carea' id='block_1_3' title="bbox 13 649 1087 736">
    <p class='ocr_par' dir='ltr' id='par_1_3' title="bbox 13 649 1087 736">
     <span class='ocr_line' id='line_1_4' title="bbox 13 649 1087 736; baseline 0.002 -23"><span class='ocrx_word' id='word_1_22' title='bbox 13 654 14 661; x_wconf 76' lang='grc'><strong><em>’</em></strong></span> <span class='ocrx_word' id='word_1_23' title='bbox 114 650 213 736; x_wconf 77' lang='grc' dir='ltr'><strong><em>αὐτῷ,</em></strong></span> <span class='ocrx_word' id='word_1_24' title='bbox 236 649 302 714; x_wconf 89' lang='grc' dir='ltr'><strong><em>ἀλλ’</em></strong></span> <span class='ocrx_word' id='word_1_25' title='bbox 318 650 413 733; x_wconf 79' lang='grc' dir='ltr'><strong><em>ὑμῶν</em></strong></span> <span class='ocrx_word' id='word_1_26' title='bbox 428 650 539 716; x_wconf 78' lang='grc' dir='ltr'><strong><em>αὐτῶν</em></strong></span> <span class='ocrx_word' id='word_1_27' title='bbox 553 673 645 728; x_wconf 89' lang='grc' dir='ltr'><strong><em>τινας</em></strong></span> <span class='ocrx_word' id='word_1_28' title='bbox 659 652 871 734; x_wconf 71' lang='grc' dir='ltr'><strong><em>αἰτιωμένων,</em></strong></span> <span class='ocrx_word' id='word_1_29' title='bbox 894 650 1017 726; x_wconf 83' lang='grc' dir='ltr'><strong><em>ἐκεῖνος</em></strong></span> <span class='ocrx_word' id='word_1_30' title='bbox 1038 650 1087 715; x_wconf 84' lang='grc' dir='ltr'><strong><em>ἐκ·</em></strong></span> 
     </span>
    </p>
   </div>
   <div class='ocr_carea' id='block_1_4' title="bbox 107 752 1136 1563">
    <p class='ocr_par' dir='ltr' id='par_1_4' title="bbox 108 752 1136 1252">
     <span class='ocr_line' id='line_1_5' title="bbox 110 752 1087 838; baseline 0.001 -21"><span class='ocrx_word' id='word_1_31' title='bbox 110 754 214 830; x_wconf 89' lang='grc' dir='ltr'><strong><em>λύσας</em></strong></span> <span class='ocrx_word' id='word_1_32' title='bbox 227 753 288 837; x_wconf 82' lang='grc' dir='ltr'><strong><em>τήν</em></strong></span> <span class='ocrx_word' id='word_1_33' title='bbox 302 754 385 838; x_wconf 82' lang='grc' dir='ltr'><strong><em>πρὸς</em></strong></span> <span class='ocrx_word' id='word_1_34' title='bbox 403 753 560 835; x_wconf 75' lang='grc' dir='ltr'><strong><em>ἀλλήλους</em></strong></span> <span class='ocrx_word' id='word_1_35' title='bbox 575 754 647 837; x_wconf 78' lang='grc' dir='ltr'><strong><em>ἔριν</em></strong></span> <span class='ocrx_word' id='word_1_36' title='bbox 660 753 754 837; x_wconf 80' lang='grc' dir='ltr'><strong><em>ὑμῶν</em></strong></span> <span class='ocrx_word' id='word_1_37' title='bbox 768 755 824 818; x_wconf 88' lang='grc' dir='ltr'><strong><em>καί</em></strong></span> <span class='ocrx_word' id='word_1_38' title='bbox 838 754 1025 838; x_wconf 76' lang='grc' dir='ltr'><strong><em>φιλονικίαν</em></strong></span> <span class='ocrx_word' id='word_1_39' title='bbox 1035 752 1087 835; x_wconf 84' lang='grc' dir='ltr'><strong><em>ἐφ’</em></strong></span> 
     </span>
     <span class='ocr_line' id='line_1_6' title="bbox 110 856 1087 942; baseline 0 -22"><span class='ocrx_word' id='word_1_40' title='bbox 110 856 215 921; x_wconf 80' lang='grc' dir='ltr'><strong><em>αὑτὸν</em></strong></span> <span class='ocrx_word' id='word_1_41' title='bbox 225 859 379 941; x_wconf 75' lang='grc' dir='ltr'><strong><em>προείποι</em></strong></span> <span class='ocrx_word' id='word_1_42' title='bbox 392 858 579 942; x_wconf 75' lang='grc' dir='ltr'><strong><em>τρέπεσθαι,</em></strong></span> <span class='ocrx_word' id='word_1_43' title='bbox 594 858 652 922; x_wconf 86' lang='grc' dir='ltr'><strong><em>καί</em></strong></span> <span class='ocrx_word' id='word_1_44' title='bbox 665 867 732 923; x_wconf 83' lang='grc' dir='ltr'><strong><em>τῶν</em></strong></span> <span class='ocrx_word' id='word_1_45' title='bbox 746 861 822 940; x_wconf 86' lang='grc' dir='ltr'><strong><em>παρ’</em></strong></span> <span class='ocrx_word' id='word_1_46' title='bbox 838 857 960 922; x_wconf 75' lang='grc' dir='ltr'><strong><em>ἑαυτοῦ</em></strong></span> <span class='ocrx_word' id='word_1_47' title='bbox 975 862 1087 939; x_wconf 80' lang='grc' dir='ltr'><strong><em>μισθο-</em></strong></span> 
     </span>
     <span class='ocr_line' id='line_1_7' title="bbox 109 959 1088 1045; baseline 0 -20"><span class='ocrx_word' id='word_1_48' title='bbox 109 962 309 1045; x_wconf 75' lang='grc' dir='ltr'><strong><em>φορούντων</em></strong></span> <span class='ocrx_word' id='word_1_49' title='bbox 329 961 408 1037; x_wconf 85' lang='grc' dir='ltr'><strong><em>τοὺς</em></strong></span> <span class='ocrx_word' id='word_1_50' title='bbox 429 962 546 1043; x_wconf 83' lang='grc' dir='ltr'><strong><em>λύγους</em></strong></span> <span class='ocrx_word' id='word_1_51' title='bbox 568 960 739 1045; x_wconf 82' lang='grc' dir='ltr'><strong><em>ἀφέλοιτο,</em></strong></span> <span class='ocrx_word' id='word_1_52' title='bbox 768 959 817 1036; x_wconf 93' lang='grc' dir='ltr'><strong><em>οίς</em></strong></span> <span class='ocrx_word' id='word_1_53' title='bbox 846 960 1088 1043; x_wconf 75' lang='grc' dir='ltr'><strong><em>ἀναβάλλουσιν</em></strong></span> 
     </span>
     <span class='ocr_line' id='line_1_8' title="bbox 108 1064 1031 1149; baseline 0.003 -23"><span class='ocrx_word' id='word_1_54' title='bbox 108 1064 205 1146; x_wconf 83' lang='grc' dir='ltr'><strong><em>ὑμεῖς,</em></strong></span> <span class='ocrx_word' id='word_1_55' title='bbox 228 1064 376 1147; x_wconf 86' lang='grc' dir='ltr'><strong><em>λέγοντες</em></strong></span> <span class='ocrx_word' id='word_1_56' title='bbox 398 1064 442 1141; x_wconf 79' lang='grc' dir='ltr'><strong><em>ὡς</em></strong></span> <span class='ocrx_word' id='word_1_57' title='bbox 463 1064 587 1141; x_wconf 86' lang='grc' dir='ltr'><strong><em>ἐκεῖνός</em></strong></span> <span class='ocrx_word' id='word_1_58' title='bbox 608 1066 693 1147; x_wconf 73' lang='grc' dir='ltr'><strong><em>γού</em></strong></span> <span class='ocrx_word' id='word_1_59' title='bbox 714 1068 850 1147; x_wconf 82' lang='grc' dir='ltr'><strong><em>πολεμεῖ</em></strong></span> <span class='ocrx_word' id='word_1_60' title='bbox 869 1073 908 1149; x_wconf 78' lang='grc' dir='ltr'><strong><em>τῇ</em></strong></span> <span class='ocrx_word' id='word_1_61' title='bbox 929 1066 1031 1129; x_wconf 82' lang='grc' dir='ltr'><strong><em>πόλει.</em></strong></span> 
     </span>
     <span class='ocr_line' id='line_1_9' title="bbox 212 1164 1136 1252; baseline -0.001 -20"><span class='ocrx_word' id='word_1_62' title='bbox 212 1170 294 1232; x_wconf 90' lang='grc' dir='ltr'><strong><em>Ἀλλ’</em></strong></span> <span class='ocrx_word' id='word_1_63' title='bbox 317 1169 415 1249; x_wconf 81' lang='grc' dir='ltr'><strong><em>ἐστιν,</em></strong></span> <span class='ocrx_word' id='word_1_64' title='bbox 438 1164 464 1231; x_wconf 80' lang='grc' dir='ltr'>ὦ</span> <span class='ocrx_word' id='word_1_65' title='bbox 486 1168 568 1252; x_wconf 81' lang='grc' dir='ltr'><strong><em>πρὸς</em></strong></span> <span class='ocrx_word' id='word_1_66' title='bbox 590 1172 651 1232; x_wconf 86' lang='grc' dir='ltr'><strong><em>τού</em></strong></span> <span class='ocrx_word' id='word_1_67' title='bbox 668 1170 766 1247; x_wconf 90' lang='grc' dir='ltr'><strong><em>Διός,</em></strong></span> <span class='ocrx_word' id='word_1_68' title='bbox 791 1168 878 1243; x_wconf 83' lang='grc' dir='ltr'><strong><em>ὅστις</em></strong></span> <span class='ocrx_word' id='word_1_69' title='bbox 900 1165 939 1233; x_wconf 86' lang='grc' dir='ltr'><strong><em>εὖ</em></strong></span> <span class='ocrx_word' id='word_1_70' title='bbox 960 1178 1094 1252; x_wconf 85' lang='grc' dir='ltr'><strong><em>φρονῶν</em></strong></span> <span class='ocrx_word' id='word_1_71' title='bbox 1104 1184 1136 1231; x_wconf 83' lang='lat'><strong><em>13</em></strong></span> 
     </span>
    </p>

    <p class='ocr_par' dir='ltr' id='par_1_5' title="bbox 13 1270 1086 1571">
     <span class='ocr_line' id='line_1_10' title="bbox 108 1270 1085 1356; baseline -0.003 -19"><span class='ocrx_word' id='word_1_72' title='bbox 108 1272 225 1338; x_wconf 81' lang='grc' dir='ltr'><strong><em>ἐκτῶν</em></strong></span> <span class='ocrx_word' id='word_1_73' title='bbox 237 1273 409 1355; x_wconf 80' lang='grc' dir='ltr'><strong><em>ὀνομάτων</em></strong></span> <span class='ocrx_word' id='word_1_74' title='bbox 424 1275 546 1354; x_wconf 78' lang='grc' dir='ltr'><strong><em>μᾶλλον</em></strong></span> <span class='ocrx_word' id='word_1_75' title='bbox 566 1272 586 1353; x_wconf 80' lang='grc' dir='ltr'><strong><em>ἣ</em></strong></span> <span class='ocrx_word' id='word_1_76' title='bbox 607 1281 674 1336; x_wconf 85' lang='grc' dir='ltr'><strong><em>τών</em></strong></span> <span class='ocrx_word' id='word_1_77' title='bbox 688 1272 889 1356; x_wconf 85' lang='grc' dir='ltr'><strong><em>πραγμάτων</em></strong></span> <span class='ocrx_word' id='word_1_78' title='bbox 904 1270 963 1335; x_wconf 78' lang='grc' dir='ltr'><strong><em>τὸν</em></strong></span> <span class='ocrx_word' id='word_1_79' title='bbox 977 1274 1085 1353; x_wconf 80' lang='grc' dir='ltr'><strong><em>ἄγοντ’</em></strong></span> 
     </span>
     <span class='ocr_line' id='line_1_11' title="bbox 107 1374 1085 1461; baseline -0.005 -19"><span class='ocrx_word' id='word_1_80' title='bbox 107 1378 246 1461; x_wconf 79' lang='grc' dir='ltr'><strong><em>εἰρήνην</em></strong></span> <span class='ocrx_word' id='word_1_81' title='bbox 259 1376 279 1459; x_wconf 80' lang='grc' dir='ltr'><strong><em>ή</em></strong></span> <span class='ocrx_word' id='word_1_82' title='bbox 294 1380 491 1461; x_wconf 78' lang='grc' dir='ltr'><strong><em>πολεμοῦνθ’</em></strong></span> <span class='ocrx_word' id='word_1_83' title='bbox 508 1375 596 1460; x_wconf 76' lang='grc' dir='ltr'><strong><em>αύτῷ</em></strong></span> <span class='ocrx_word' id='word_1_84' title='bbox 613 1377 758 1452; x_wconf 72' lang='grc' dir='ltr'><strong><em>σκέψαιτ’</em></strong></span> <span class='ocrx_word' id='word_1_85' title='bbox 774 1378 832 1454; x_wconf 85' lang='grc' dir='ltr'><strong><em>ἀν,·</em></strong></span> <span class='ocrx_word' id='word_1_86' title='bbox 846 1374 957 1451; x_wconf 83' lang='grc' dir='ltr'><strong><em>οὐδεὶς</em></strong></span> <span class='ocrx_word' id='word_1_87' title='bbox 967 1375 1085 1457; x_wconf 89' lang='grc' dir='ltr'><strong><em>δήπου.</em></strong></span> 
     </span>
     <span class='ocr_line' id='line_1_12' title="bbox 108 1478 1086 1563; baseline -0.004 -17.354"><span class='ocrx_word' id='word_1_88' title='bbox 108 1482 127 1545; x_wconf 89' lang='grc' dir='ltr'>ὁ</span> <span class='ocrx_word' id='word_1_89' title='bbox 142 1483 259 1547; x_wconf 87' lang='grc' dir='ltr'><strong><em>τοίνυν</em></strong></span> <span class='ocrx_word' id='word_1_90' title='bbox 274 1483 434 1556; x_wconf 89' lang='grc' dir='ltr'><strong><em>Φίλιππος</em></strong></span> <span class='ocrx_word' id='word_1_91' title='bbox 443 1478 475 1555; x_wconf 81' lang='grc' dir='ltr'><strong><em>ἐξ</em></strong></span> <span class='ocrx_word' id='word_1_92' title='bbox 488 1483 596 1563; x_wconf 80' lang='grc' dir='ltr'><strong><em>ἀρχῆς,</em></strong></span> <span class='ocrx_word' id='word_1_93' title='bbox 610 1483 683 1563; x_wconf 84' lang='grc' dir='ltr'><strong><em>ἀρτι</em></strong></span> <span class='ocrx_word' id='word_1_94' title='bbox 694 1488 751 1562; x_wconf 84' lang='grc' dir='ltr'><strong><em>τής</em></strong></span> <span class='ocrx_word' id='word_1_95' title='bbox 762 1478 893 1563; x_wconf 86' lang='grc' dir='ltr'><strong><em>εἰρήνης</em></strong></span> <span class='ocrx_word' id='word_1_96' title='bbox 902 1480 1086 1561; x_wconf 80' lang='grc' dir='ltr'><strong><em>γεγονυίας,</em></strong></span> 
     </span>
    </p>
   </div>
   <div class='ocr_carea' id='block_1_5' title="bbox 13 1583 1084 1668">
    <p class='ocr_par' dir='ltr' id='par_1_6' title="bbox 13 1583 1084 1668">
     <span class='ocr_line' id='line_1_13' title="bbox 13 1583 1084 1668; baseline -0.006 -16"><span class='ocrx_word' id='word_1_97' title='bbox 13 1634 14 1667; x_wconf 57' lang='grc'><strong><em>,</em></strong></span> <span class='ocrx_word' id='word_1_98' title='bbox 108 1589 202 1651; x_wconf 87' lang='grc' dir='ltr'><strong><em>ούπω</em></strong></span> <span class='ocrx_word' id='word_1_99' title='bbox 216 1587 421 1661; x_wconf 76' lang='grc' dir='ltr'><strong><em>Διοπείθους</em></strong></span> <span class='ocrx_word' id='word_1_100' title='bbox 443 1592 710 1668; x_wconf 81' lang='grc' dir='ltr'><strong><em>στρατηγοῦντος,</em></strong></span> <span class='ocrx_word' id='word_1_101' title='bbox 732 1583 811 1647; x_wconf 75' lang='grc' dir='ltr'><strong><em>οὐδὲ</em></strong></span> <span class='ocrx_word' id='word_1_102' title='bbox 833 1592 900 1647; x_wconf 84' lang='grc' dir='ltr'><strong><em>τών</em></strong></span> <span class='ocrx_word' id='word_1_103' title='bbox 921 1585 1027 1648; x_wconf 85' lang='grc' dir='ltr'><strong><em>ύνιων</em></strong></span> <span class='ocrx_word' id='word_1_104' title='bbox 1047 1583 1084 1647; x_wconf 89' lang='grc' dir='ltr'><strong><em>ἐν</em></strong></span> 
     </span>
    </p>
   </div>
   <div class='ocr_carea' id='block_1_6' title="bbox 13 1687 1086 1785">
    <p class='ocr_par' dir='ltr' id='par_1_7' title="bbox 13 1687 1086 1785">
     <span class='ocr_line' id='line_1_14' title="bbox 13 1687 1086 1785; baseline 0.011 -43"><span class='ocrx_word' id='word_1_105' title='bbox 13 1702 14 1785; x_wconf 41' lang='grc' dir='ltr'><strong><em>γ</em></strong></span> <span class='ocrx_word' id='word_1_106' title='bbox 107 1689 310 1774; x_wconf 76' lang='grc' dir='ltr'><strong><em>Χερρονήσῳ</em></strong></span> <span class='ocrx_word' id='word_1_107' title='bbox 323 1697 388 1753; x_wconf 84' lang='grc' dir='ltr'><strong><em>νῦν</em></strong></span> <span class='ocrx_word' id='word_1_108' title='bbox 403 1687 664 1768; x_wconf 70' lang='grc' dir='ltr'><strong><em>ἀπεσταλμένων,</em></strong></span> <span class='ocrx_word' id='word_1_109' title='bbox 689 1687 832 1770; x_wconf 79' lang='grc' dir='ltr'><strong><em>Σέρριον</em></strong></span> <span class='ocrx_word' id='word_1_110' title='bbox 852 1688 908 1751; x_wconf 89' lang='grc' dir='ltr'><strong><em>καί</em></strong></span> <span class='ocrx_word' id='word_1_111' title='bbox 921 1688 1086 1768; x_wconf 80' lang='grc' dir='ltr'><strong><em>Δορίσκον</em></strong></span> 
     </span>
    </p>
   </div>
   <div class='ocr_carea' id='block_1_7' title="bbox 108 1786 1086 1979">
    <p class='ocr_par' dir='ltr' id='par_1_8' title="bbox 13 1786 1086 1979">
     <span class='ocr_line' id='line_1_15' title="bbox 108 1786 1084 1875; baseline -0.003 -20.266"><span class='ocrx_word' id='word_1_112' title='bbox 108 1792 293 1875; x_wconf 78' lang='grc' dir='ltr'><strong><em>ἐλάμβανεν</em></strong></span> <span class='ocrx_word' id='word_1_113' title='bbox 318 1792 478 1866; x_wconf 78' lang='grc' dir='ltr'><strong><em>καὶτοὺς</em></strong></span> <span class='ocrx_word' id='word_1_114' title='bbox 506 1789 542 1854; x_wconf 85' lang='grc' dir='ltr'><strong><em>ἐκ</em></strong></span> <span class='ocrx_word' id='word_1_115' title='bbox 563 1790 723 1873; x_wconf 86' lang='grc' dir='ltr'><strong><em>Σερρείου</em></strong></span> <span class='ocrx_word' id='word_1_116' title='bbox 753 1790 879 1872; x_wconf 84' lang='grc' dir='ltr'><strong><em>τείχους</em></strong></span> <span class='ocrx_word' id='word_1_117' title='bbox 906 1790 962 1852; x_wconf 90' lang='grc' dir='ltr'><strong><em>καί</em></strong></span> <span class='ocrx_word' id='word_1_118' title='bbox 978 1786 1084 1873; x_wconf 82' lang='grc' dir='ltr'><strong><em>Ἱεροῦ</em></strong></span> 
     </span>
     <span class='ocr_line' id='line_1_16' title="bbox 109 1892 1086 1979; baseline 0.004 -25.642"><span class='ocrx_word' id='word_1_119' title='bbox 109 1897 209 1979; x_wconf 82' lang='grc' dir='ltr'><strong><em>ὄρους</em></strong></span> <span class='ocrx_word' id='word_1_120' title='bbox 224 1896 422 1978; x_wconf 85' lang='grc' dir='ltr'><strong><em>στρατιώτας</em></strong></span> <span class='ocrx_word' id='word_1_121' title='bbox 437 1892 610 1977; x_wconf 76' lang='grc' dir='ltr'><strong><em>ἐξέβαλλεν,</em></strong></span> <span class='ocrx_word' id='word_1_122' title='bbox 632 1895 692 1968; x_wconf 89' lang='grc' dir='ltr'><strong><em>οὓς</em></strong></span> <span class='ocrx_word' id='word_1_123' title='bbox 706 1893 725 1955; x_wconf 84' lang='grc' dir='ltr'>ὁ</span> <span class='ocrx_word' id='word_1_124' title='bbox 740 1892 894 1977; x_wconf 86' lang='grc' dir='ltr'><strong><em>ὑμέτερος</em></strong></span> <span class='ocrx_word' id='word_1_125' title='bbox 909 1893 1086 1977; x_wconf 85' lang='grc' dir='ltr'><strong><em>στρατηγὸς</em></strong></span> 
     </span>
    </p>
   </div>
   <div class='ocr_carea' id='block_1_8' title="bbox 14 1997 1134 3536">
    <p class='ocr_par' dir='ltr' id='par_1_9' title="bbox 14 1997 1134 3536">
     <span class='ocr_line' id='line_1_17' title="bbox 108 1997 1086 2082; baseline -0.002 -18"><span class='ocrx_word' id='word_1_126' title='bbox 108 2000 314 2082; x_wconf 89' lang='grc' dir='ltr'><strong><em>κατέστησεν.</em></strong></span> <span class='ocrx_word' id='word_1_127' title='bbox 350 2000 457 2063; x_wconf 84' lang='grc' dir='ltr'><strong><em>καίτοι</em></strong></span> <span class='ocrx_word' id='word_1_128' title='bbox 471 2008 576 2063; x_wconf 83' lang='grc' dir='ltr'><strong><em>ταῦτα</em></strong></span> <span class='ocrx_word' id='word_1_129' title='bbox 590 2000 743 2082; x_wconf 87' lang='grc' dir='ltr'><strong><em>πράττων</em></strong></span> <span class='ocrx_word' id='word_1_130' title='bbox 757 1999 791 2062; x_wconf 93' lang='grc' dir='ltr'><strong><em>τί</em></strong></span> <span class='ocrx_word' id='word_1_131' title='bbox 810 1997 912 2063; x_wconf 89' lang='grc' dir='ltr'><strong><em>ἐποίει</em></strong></span> <span class='ocrx_word' id='word_1_132' title='bbox 916 2020 930 2079; x_wconf 84' lang='grc'><strong><em>,·</em></strong></span> <span class='ocrx_word' id='word_1_133' title='bbox 951 1998 1086 2082; x_wconf 84' lang='grc' dir='ltr'><strong><em>εἰρήνην</em></strong></span> 
     </span>
     <span class='ocr_line' id='line_1_18' title="bbox 14 2100 1134 2193; baseline -0.001 -27"><span class='ocrx_word' id='word_1_134' title='bbox 14 2190 15 2193; x_wconf 8' lang='lat'>¹</span> <span class='ocrx_word' id='word_1_135' title='bbox 110 2105 169 2185; x_wconf 75' lang='grc' dir='ltr'><strong><em>μὲν</em></strong></span> <span class='ocrx_word' id='word_1_136' title='bbox 183 2102 248 2186; x_wconf 78' lang='grc' dir='ltr'><strong><em>γάρ</em></strong></span> <span class='ocrx_word' id='word_1_137' title='bbox 264 2102 445 2186; x_wconf 82' lang='grc' dir='ltr'><strong><em>ὠμωμόκει.</em></strong></span> <span class='ocrx_word' id='word_1_138' title='bbox 479 2103 536 2167; x_wconf 82' lang='grc' dir='ltr'><strong><em>καί</em></strong></span> <span class='ocrx_word' id='word_1_139' title='bbox 551 2101 665 2185; x_wconf 80' lang='grc' dir='ltr'><strong><em>μηδεὶς</em></strong></span> <span class='ocrx_word' id='word_1_140' title='bbox 681 2104 764 2185; x_wconf 83' lang='grc' dir='ltr'><strong><em>είπη,</em></strong></span> <span class='ocrx_word' id='word_1_141' title='bbox 786 2103 819 2166; x_wconf 92' lang='grc' dir='ltr'><strong><em>τί</em></strong></span> <span class='ocrx_word' id='word_1_142' title='bbox 833 2101 870 2165; x_wconf 83' lang='grc' dir='ltr'><strong><em>δὲ</em></strong></span> <span class='ocrx_word' id='word_1_143' title='bbox 884 2105 974 2166; x_wconf 79' lang='grc' dir='ltr'><strong><em>ταῦτ’</em></strong></span> <span class='ocrx_word' id='word_1_144' title='bbox 990 2100 1091 2182; x_wconf 89' lang='grc' dir='ltr'><strong><em>ἐστίν,</em></strong></span> <span class='ocrx_word' id='word_1_145' title='bbox 1102 2118 1134 2165; x_wconf 82' lang='lat'><strong><em>14</em></strong></span> 
     </span>
     <span class='ocr_line' id='line_1_19' title="bbox 14 2205 1083 2291; baseline -0.002 -20"><span class='ocrx_word' id='word_1_146' title='bbox 14 2236 15 2241; x_wconf 45' lang='lat'>¹</span> <span class='ocrx_word' id='word_1_147' title='bbox 109 2205 129 2287; x_wconf 75' lang='grc' dir='ltr'><em>ἢ</em></span> <span class='ocrx_word' id='word_1_148' title='bbox 151 2207 185 2271; x_wconf 90' lang='grc' dir='ltr'><strong><em>τί</em></strong></span> <span class='ocrx_word' id='word_1_149' title='bbox 203 2209 330 2272; x_wconf 89' lang='grc' dir='ltr'><strong><em>τούτων</em></strong></span> <span class='ocrx_word' id='word_1_150' title='bbox 350 2209 439 2289; x_wconf 74' lang='grc' dir='ltr'><strong><em>μέλει</em></strong></span> <span class='ocrx_word' id='word_1_151' title='bbox 459 2215 498 2291; x_wconf 86' lang='grc' dir='ltr'><strong><em>τή</em></strong></span> <span class='ocrx_word' id='word_1_152' title='bbox 520 2208 629 2288; x_wconf 71' lang='grc' dir='ltr'><strong><em>πόλεις</em></strong></span> <span class='ocrx_word' id='word_1_153' title='bbox 650 2207 679 2271; x_wconf 90' lang='grc' dir='ltr'><strong><em>εἰ</em></strong></span> <span class='ocrx_word' id='word_1_154' title='bbox 702 2206 840 2289; x_wconf 75' lang='grc' dir='ltr'><strong><em>μὲνγὰρ</em></strong></span> <span class='ocrx_word' id='word_1_155' title='bbox 854 2206 954 2290; x_wconf 79' lang='grc' dir='ltr'><strong><em>μικρά</em></strong></span> <span class='ocrx_word' id='word_1_156' title='bbox 968 2214 1083 2288; x_wconf 83' lang='grc' dir='ltr'><strong><em>ταῦτα,</em></strong></span> 
     </span>
     <span class='ocr_line' id='line_1_20' title="bbox 110 2307 1082 2392; baseline 0 -20"><span class='ocrx_word' id='word_1_157' title='bbox 110 2308 129 2390; x_wconf 79' lang='grc' dir='ltr'><strong><em>ή</em></strong></span> <span class='ocrx_word' id='word_1_158' title='bbox 145 2309 248 2392; x_wconf 80' lang='grc' dir='ltr'><strong><em>μηδὲν</em></strong></span> <span class='ocrx_word' id='word_1_159' title='bbox 262 2309 342 2392; x_wconf 81' lang='grc' dir='ltr'><strong><em>ὑμῖν</em></strong></span> <span class='ocrx_word' id='word_1_160' title='bbox 357 2311 468 2374; x_wconf 79' lang='grc' dir='ltr'><strong><em>αὐτῶν</em></strong></span> <span class='ocrx_word' id='word_1_161' title='bbox 482 2309 602 2391; x_wconf 77' lang='grc' dir='ltr'><strong><em>ἔμελεν,</em></strong></span> <span class='ocrx_word' id='word_1_162' title='bbox 627 2311 722 2384; x_wconf 86' lang='grc' dir='ltr'><strong><em>ἀλλος</em></strong></span> <span class='ocrx_word' id='word_1_163' title='bbox 737 2308 779 2371; x_wconf 81' lang='grc' dir='ltr'><strong><em>ἂν</em></strong></span> <span class='ocrx_word' id='word_1_164' title='bbox 793 2311 843 2390; x_wconf 88' lang='grc' dir='ltr'><strong><em>εἰη</em></strong></span> <span class='ocrx_word' id='word_1_165' title='bbox 858 2310 956 2389; x_wconf 85' lang='grc' dir='ltr'><strong><em>λόγος</em></strong></span> <span class='ocrx_word' id='word_1_166' title='bbox 970 2307 1082 2385; x_wconf 86' lang='grc' dir='ltr'><strong><em>οὗτος·</em></strong></span> 
     </span>
     <span class='ocr_line' id='line_1_21' title="bbox 110 2410 1084 2497; baseline -0.001 -20"><span class='ocrx_word' id='word_1_167' title='bbox 110 2413 146 2478; x_wconf 84' lang='grc' dir='ltr'><strong><em>τὸ</em></strong></span> <span class='ocrx_word' id='word_1_168' title='bbox 167 2414 196 2477; x_wconf 76' lang='grc' dir='ltr'><strong><em>δ’</em></strong></span> <span class='ocrx_word' id='word_1_169' title='bbox 220 2414 349 2496; x_wconf 80' lang='grc' dir='ltr'><strong><em>εὐσεβὲς</em></strong></span> <span class='ocrx_word' id='word_1_170' title='bbox 369 2415 424 2478; x_wconf 87' lang='grc' dir='ltr'><strong><em>καί</em></strong></span> <span class='ocrx_word' id='word_1_171' title='bbox 445 2413 483 2478; x_wconf 84' lang='grc' dir='ltr'><strong><em>τὸ</em></strong></span> <span class='ocrx_word' id='word_1_172' title='bbox 505 2414 635 2478; x_wconf 91' lang='grc' dir='ltr'><strong><em>δίκαιον</em></strong></span> <span class='ocrx_word' id='word_1_173' title='bbox 658 2416 699 2476; x_wconf 85' lang='grc' dir='ltr'><strong><em>ἀν</em></strong></span> <span class='ocrx_word' id='word_1_174' title='bbox 720 2415 746 2475; x_wconf 72' lang='grc' dir='ltr'><strong><em>τ</em></strong></span> <span class='ocrx_word' id='word_1_175' title='bbox 770 2410 823 2476; x_wconf 81' lang='grc' dir='ltr'><strong><em>ἐπὶ</em></strong></span> <span class='ocrx_word' id='word_1_176' title='bbox 845 2421 963 2497; x_wconf 81' lang='grc' dir='ltr'><strong><em>μικροῦ</em></strong></span> <span class='ocrx_word' id='word_1_177' title='bbox 978 2434 1027 2488; x_wconf 88' lang='grc' dir='ltr'><strong><em>τις</em></strong></span> <span class='ocrx_word' id='word_1_178' title='bbox 1042 2416 1084 2477; x_wconf 85' lang='grc' dir='ltr'><strong><em>ἀν</em></strong></span> 
     </span>
     <span class='ocr_line' id='line_1_22' title="bbox 111 2515 1081 2602; baseline -0.002 -20"><span class='ocrx_word' id='word_1_179' title='bbox 111 2522 135 2581; x_wconf 87' lang='grc' dir='ltr'><strong><em>τ’</em></strong></span> <span class='ocrx_word' id='word_1_180' title='bbox 158 2517 211 2582; x_wconf 84' lang='grc' dir='ltr'><strong><em>ἰπὶ</em></strong></span> <span class='ocrx_word' id='word_1_181' title='bbox 233 2520 377 2601; x_wconf 78' lang='grc' dir='ltr'><strong><em>μείζονος</em></strong></span> <span class='ocrx_word' id='word_1_182' title='bbox 397 2518 601 2602; x_wconf 79' lang='grc' dir='ltr'><strong><em>παραβαίνῃ,</em></strong></span> <span class='ocrx_word' id='word_1_183' title='bbox 635 2517 695 2599; x_wconf 76' lang='grc' dir='ltr'><strong><em>τήν</em></strong></span> <span class='ocrx_word' id='word_1_184' title='bbox 717 2515 821 2599; x_wconf 81' lang='grc' dir='ltr'><strong><em>αὐτὴν</em></strong></span> <span class='ocrx_word' id='word_1_185' title='bbox 844 2517 908 2599; x_wconf 77' lang='grc' dir='ltr'><strong><em>ἔχει</em></strong></span> <span class='ocrx_word' id='word_1_186' title='bbox 929 2517 1081 2599; x_wconf 88' lang='grc' dir='ltr'><strong><em>δύναμιν.</em></strong></span> 
     </span>
     <span class='ocr_line' id='line_1_23' title="bbox 111 2622 1083 2708; baseline -0.002 -22"><span class='ocrx_word' id='word_1_187' title='bbox 111 2624 187 2706; x_wconf 88' lang='grc' dir='ltr'><strong><em>φέρε</em></strong></span> <span class='ocrx_word' id='word_1_188' title='bbox 209 2623 250 2705; x_wconf 85' lang='grc' dir='ltr'><strong><em>δή</em></strong></span> <span class='ocrx_word' id='word_1_189' title='bbox 272 2633 346 2704; x_wconf 83' lang='grc' dir='ltr'><strong><em>νῦν,</em></strong></span> <span class='ocrx_word' id='word_1_190' title='bbox 375 2622 458 2706; x_wconf 81' lang='grc' dir='ltr'><strong><em>ἡνίκ’</em></strong></span> <span class='ocrx_word' id='word_1_191' title='bbox 483 2625 527 2700; x_wconf 89' lang='grc' dir='ltr'><strong><em>εἰς</em></strong></span> <span class='ocrx_word' id='word_1_192' title='bbox 548 2626 769 2708; x_wconf 75' lang='grc' dir='ltr'><strong><em>Χερρόνησον,</em></strong></span> <span class='ocrx_word' id='word_1_193' title='bbox 791 2623 834 2705; x_wconf 80' lang='grc' dir='ltr'><strong><em>ἣν</em></strong></span> <span class='ocrx_word' id='word_1_194' title='bbox 854 2622 1007 2705; x_wconf 86' lang='grc' dir='ltr'><strong><em>βασιλεὺς</em></strong></span> <span class='ocrx_word' id='word_1_195' title='bbox 1027 2623 1083 2684; x_wconf 88' lang='grc' dir='ltr'><strong><em>καί</em></strong></span> 
     </span>
     <span class='ocr_line' id='line_1_24' title="bbox 111 2722 1083 2812; baseline -0.001 -22"><span class='ocrx_word' id='word_1_196' title='bbox 111 2728 226 2802; x_wconf 87' lang='grc' dir='ltr'><strong><em>πάντες</em></strong></span> <span class='ocrx_word' id='word_1_197' title='bbox 247 2727 279 2790; x_wconf 91' lang='grc' dir='ltr'><strong><em>οἰ</em></strong></span> <span class='ocrx_word' id='word_1_198' title='bbox 295 2727 447 2810; x_wconf 85' lang='grc' dir='ltr'><strong><em>Ἕλληνες</em></strong></span> <span class='ocrx_word' id='word_1_199' title='bbox 468 2728 630 2812; x_wconf 81' lang='grc' dir='ltr'><strong><em>ὑμετέραν</em></strong></span> <span class='ocrx_word' id='word_1_200' title='bbox 651 2727 832 2810; x_wconf 77' lang='grc' dir='ltr'><strong><em>ἐγνώκασιν</em></strong></span> <span class='ocrx_word' id='word_1_201' title='bbox 854 2722 948 2806; x_wconf 89' lang='grc' dir='ltr'><strong><em>εἰναι,</em></strong></span> <span class='ocrx_word' id='word_1_202' title='bbox 971 2724 1083 2803; x_wconf 81' lang='grc' dir='ltr'><strong><em>ξένους</em></strong></span> 
     </span>
     <span class='ocr_line' id='line_1_25' title="bbox 111 2829 1081 2914; baseline -0.002 -19"><span class='ocrx_word' id='word_1_203' title='bbox 111 2831 276 2912; x_wconf 81' lang='grc' dir='ltr'><strong><em>εἰσπέμπει</em></strong></span> <span class='ocrx_word' id='word_1_204' title='bbox 298 2832 353 2895; x_wconf 90' lang='grc' dir='ltr'><strong><em>καί</em></strong></span> <span class='ocrx_word' id='word_1_205' title='bbox 374 2833 511 2914; x_wconf 80' lang='grc' dir='ltr'><strong><em>βοηθεῖν</em></strong></span> <span class='ocrx_word' id='word_1_206' title='bbox 532 2831 685 2914; x_wconf 89' lang='grc' dir='ltr'><strong><em>ὁμολογεῖ</em></strong></span> <span class='ocrx_word' id='word_1_207' title='bbox 705 2831 762 2894; x_wconf 91' lang='grc' dir='ltr'><strong><em>καί</em></strong></span> <span class='ocrx_word' id='word_1_208' title='bbox 779 2829 953 2894; x_wconf 84' lang='grc' dir='ltr'><strong><em>ἐπιστέλλει</em></strong></span> <span class='ocrx_word' id='word_1_209' title='bbox 968 2839 1081 2908; x_wconf 86' lang='grc' dir='ltr'><strong><em>ταῦτα,</em></strong></span> 
     </span>
     <span class='ocr_line' id='line_1_26' title="bbox 112 2933 1130 3020; baseline -0.001 -21"><span class='ocrx_word' id='word_1_210' title='bbox 112 2937 143 3000; x_wconf 92' lang='grc' dir='ltr'><strong><em>τί</em></strong></span> <span class='ocrx_word' id='word_1_211' title='bbox 155 2945 258 3017; x_wconf 66' lang='grc' dir='ltr'><strong><em>ποιεῖς</em></strong></span> <span class='ocrx_word' id='word_1_212' title='bbox 281 2937 361 3020; x_wconf 86' lang='grc' dir='ltr'><strong><em>φησί</em></strong></span> <span class='ocrx_word' id='word_1_213' title='bbox 383 2937 443 3018; x_wconf 78' lang='grc' dir='ltr'><strong><em>μέν</em></strong></span> <span class='ocrx_word' id='word_1_214' title='bbox 464 2936 529 3018; x_wconf 82' lang='grc' dir='ltr'><strong><em>γάρ</em></strong></span> <span class='ocrx_word' id='word_1_215' title='bbox 552 2936 593 3000; x_wconf 83' lang='grc' dir='ltr'><strong><em>οὐ</em></strong></span> <span class='ocrx_word' id='word_1_216' title='bbox 608 2938 771 3017; x_wconf 90' lang='grc' dir='ltr'><strong><em>πολεμεῖν,</em></strong></span> <span class='ocrx_word' id='word_1_217' title='bbox 794 2933 858 3015; x_wconf 84' lang='grc' dir='ltr'><strong><em>ἐγὼ</em></strong></span> <span class='ocrx_word' id='word_1_218' title='bbox 873 2933 910 2997; x_wconf 86' lang='grc' dir='ltr'><strong><em>δέ</em></strong></span> <span class='ocrx_word' id='word_1_219' title='bbox 924 2936 1086 2998; x_wconf 88' lang='grc' dir='ltr'><strong><em>τοσούτου</em></strong></span> <span class='ocrx_word' id='word_1_220' title='bbox 1098 2949 1130 2998; x_wconf 79' lang='lat'><strong><em>15</em></strong></span> 
     </span>
     <span class='ocr_line' id='line_1_27' title="bbox 114 3037 1082 3123; baseline -0.001 -21"><span class='ocrx_word' id='word_1_221' title='bbox 114 3040 175 3103; x_wconf 88' lang='grc' dir='ltr'><strong><em>δέω</em></strong></span> <span class='ocrx_word' id='word_1_222' title='bbox 195 3049 298 3103; x_wconf 80' lang='grc' dir='ltr'><strong><em>ταῦτα</em></strong></span> <span class='ocrx_word' id='word_1_223' title='bbox 318 3045 465 3104; x_wconf 75' lang='grc' dir='ltr'><strong><em>ποιοῦντ’</em></strong></span> <span class='ocrx_word' id='word_1_224' title='bbox 488 3040 613 3105; x_wconf 86' lang='grc' dir='ltr'><strong><em>ἐκεῖνον</em></strong></span> <span class='ocrx_word' id='word_1_225' title='bbox 630 3044 721 3123; x_wconf 87' lang='grc' dir='ltr'><strong><em>ἀγειν</em></strong></span> <span class='ocrx_word' id='word_1_226' title='bbox 735 3039 906 3122; x_wconf 83' lang='grc' dir='ltr'><strong><em>ὁμολογεῖν</em></strong></span> <span class='ocrx_word' id='word_1_227' title='bbox 920 3037 980 3119; x_wconf 85' lang='grc' dir='ltr'><strong><em>τήν</em></strong></span> <span class='ocrx_word' id='word_1_228' title='bbox 1000 3039 1082 3120; x_wconf 87' lang='grc' dir='ltr'><strong><em>πρὸς</em></strong></span> 
     </span>
     <span class='ocr_line' id='line_1_28' title="bbox 114 3141 1082 3226; baseline 0.003 -22"><span class='ocrx_word' id='word_1_229' title='bbox 114 3141 193 3224; x_wconf 69' lang='grc' dir='ltr'><strong><em>ὑμεῖς</em></strong></span> <span class='ocrx_word' id='word_1_230' title='bbox 213 3143 356 3226; x_wconf 83' lang='grc' dir='ltr'><strong><em>εἰρήνην,</em></strong></span> <span class='ocrx_word' id='word_1_231' title='bbox 380 3145 461 3208; x_wconf 87' lang='grc' dir='ltr'><strong><em>ώστε</em></strong></span> <span class='ocrx_word' id='word_1_232' title='bbox 482 3145 538 3207; x_wconf 87' lang='grc' dir='ltr'><strong><em>καί</em></strong></span> <span class='ocrx_word' id='word_1_233' title='bbox 560 3147 728 3225; x_wconf 87' lang='grc' dir='ltr'><strong><em>Μεγάρων</em></strong></span> <span class='ocrx_word' id='word_1_234' title='bbox 754 3143 939 3225; x_wconf 86' lang='grc' dir='ltr'><strong><em>ἀπτόμενον</em></strong></span> <span class='ocrx_word' id='word_1_235' title='bbox 967 3142 1023 3205; x_wconf 88' lang='grc' dir='ltr'><strong><em>καί</em></strong></span> <span class='ocrx_word' id='word_1_236' title='bbox 1046 3142 1082 3207; x_wconf 87' lang='grc' dir='ltr'><strong><em>ἰν</em></strong></span> 
     </span>
     <span class='ocr_line' id='line_1_29' title="bbox 115 3245 1080 3332; baseline 0.002 -24"><span class='ocrx_word' id='word_1_237' title='bbox 115 3247 235 3331; x_wconf 80' lang='grc' dir='ltr'><strong><em>Εὐβοίᾳ</em></strong></span> <span class='ocrx_word' id='word_1_238' title='bbox 249 3248 448 3331; x_wconf 88' lang='grc' dir='ltr'><strong><em>τυραννίδας</em></strong></span> <span class='ocrx_word' id='word_1_239' title='bbox 469 3248 752 3324; x_wconf 80' lang='grc' dir='ltr'><strong><em>κατασκευάζοντα</em></strong></span> <span class='ocrx_word' id='word_1_240' title='bbox 773 3247 830 3311; x_wconf 86' lang='grc' dir='ltr'><strong><em>καί</em></strong></span> <span class='ocrx_word' id='word_1_241' title='bbox 850 3255 914 3310; x_wconf 86' lang='grc' dir='ltr'><strong><em>νῦν</em></strong></span> <span class='ocrx_word' id='word_1_242' title='bbox 929 3245 982 3310; x_wconf 81' lang='grc' dir='ltr'><strong><em>ἐπὶ</em></strong></span> <span class='ocrx_word' id='word_1_243' title='bbox 999 3249 1080 3332; x_wconf 80' lang='grc' dir='ltr'><strong><em>Θρηί-</em></strong></span> 
     </span>
     <span class='ocr_line' id='line_1_30' title="bbox 115 3350 1081 3435; baseline 0.003 -24"><span class='ocrx_word' id='word_1_244' title='bbox 115 3371 171 3431; x_wconf 89' lang='grc' dir='ltr'><strong><em>κην</em></strong></span> <span class='ocrx_word' id='word_1_245' title='bbox 190 3351 352 3434; x_wconf 83' lang='grc' dir='ltr'><strong><em>παριόντα</em></strong></span> <span class='ocrx_word' id='word_1_246' title='bbox 373 3351 429 3414; x_wconf 90' lang='grc' dir='ltr'><strong><em>καί</em></strong></span> <span class='ocrx_word' id='word_1_247' title='bbox 450 3351 490 3414; x_wconf 82' lang='grc' dir='ltr'><strong><em>τά</em></strong></span> <span class='ocrx_word' id='word_1_248' title='bbox 505 3350 541 3414; x_wconf 91' lang='grc' dir='ltr'><strong><em>ἐν</em></strong></span> <span class='ocrx_word' id='word_1_249' title='bbox 555 3353 797 3435; x_wconf 81' lang='grc' dir='ltr'><strong><em>Πελοποννήσῳ</em></strong></span> <span class='ocrx_word' id='word_1_250' title='bbox 812 3350 1081 3434; x_wconf 90' lang='grc' dir='ltr'><strong><em>σκευωρούμενον</em></strong></span> 
     </span>
     <span class='ocr_line' id='line_1_31' title="bbox 116 3454 1080 3536; baseline -0.001 -20"><span class='ocrx_word' id='word_1_251' title='bbox 116 3454 165 3516; x_wconf 85' lang='grc' dir='ltr'><strong><em>καί</em></strong></span> <span class='ocrx_word' id='word_1_252' title='bbox 184 3455 293 3534; x_wconf 76' lang='grc' dir='ltr'><strong><em>πάνθ’,</em></strong></span> <span class='ocrx_word' id='word_1_253' title='bbox 317 3455 378 3517; x_wconf 80' lang='grc' dir='ltr'><strong><em>ὅσα</em></strong></span> <span class='ocrx_word' id='word_1_254' title='bbox 399 3457 533 3536; x_wconf 88' lang='grc' dir='ltr'><strong><em>πράττει</em></strong></span> <span class='ocrx_word' id='word_1_255' title='bbox 546 3456 627 3536; x_wconf 78' lang='grc' dir='ltr'><strong><em>μετὰ</em></strong></span> <span class='ocrx_word' id='word_1_256' title='bbox 640 3462 698 3535; x_wconf 79' lang='grc' dir='ltr'><strong><em>της</em></strong></span> <span class='ocrx_word' id='word_1_257' title='bbox 717 3455 898 3535; x_wconf 87' lang='grc' dir='ltr'><strong><em>δυνάμεως,</em></strong></span> <span class='ocrx_word' id='word_1_258' title='bbox 920 3457 1080 3517; x_wconf 80' lang='grc' dir='ltr'><strong><em>ποιοῦντα</em></strong></span> 
     </span>
    </p>
   </div>
   <div class='ocr_carea' id='block_1_9' title="bbox 117 3554 1079 3646">
    <p class='ocr_par' dir='ltr' id='par_1_10' title="bbox 117 3554 1079 3646">
     <span class='ocr_line' id='line_1_32' title="bbox 117 3554 1079 3646; baseline -0.009 -20"><span class='ocrx_word' id='word_1_259' title='bbox 117 3565 199 3628; x_wconf 87' lang='grc' dir='ltr'><strong><em>λύειν</em></strong></span> <span class='ocrx_word' id='word_1_260' title='bbox 221 3561 304 3646; x_wconf 84' lang='grc' dir='ltr'><strong><em>φημί</em></strong></span> <span class='ocrx_word' id='word_1_261' title='bbox 324 3560 384 3642; x_wconf 79' lang='grc' dir='ltr'><strong><em>τήν</em></strong></span> <span class='ocrx_word' id='word_1_262' title='bbox 407 3558 542 3643; x_wconf 87' lang='grc' dir='ltr'><strong><em>εἰρήνην</em></strong></span> <span class='ocrx_word' id='word_1_263' title='bbox 563 3559 619 3620; x_wconf 87' lang='grc' dir='ltr'><strong><em>καί</em></strong></span> <span class='ocrx_word' id='word_1_264' title='bbox 632 3560 785 3639; x_wconf 83' lang='grc' dir='ltr'><strong><em>πολεμεῖν</em></strong></span> <span class='ocrx_word' id='word_1_265' title='bbox 806 3556 896 3639; x_wconf 80' lang='grc' dir='ltr'><strong><em>ὑμῖν,</em></strong></span> <span class='ocrx_word' id='word_1_266' title='bbox 919 3555 948 3618; x_wconf 90' lang='grc' dir='ltr'><strong><em>εἰ</em></strong></span> <span class='ocrx_word' id='word_1_267' title='bbox 964 3554 1007 3636; x_wconf 79' lang='grc' dir='ltr'><strong><em>μή</em></strong></span> <span class='ocrx_word' id='word_1_268' title='bbox 1023 3555 1079 3618; x_wconf 87' lang='grc' dir='ltr'><strong><em>καί</em></strong></span> 
     </span>
    </p>
   </div>
   <div class='ocr_carea' id='block_1_10' title="bbox 0 0 1250 3992">
    <p class='ocr_par' dir='ltr' id='par_1_11' title="bbox 0 0 1250 3992">
     <span class='ocr_line' id='line_1_33' title="bbox 0 0 1250 3992; baseline 0 0"><span class='ocrx_word' id='word_1_269' title='bbox 0 0 1250 3992; x_wconf 95' lang='lat' dir='ltr'><strong><em> </em></strong></span> 
     </span>
    </p>
   </div>
  </div>
 </body>
</html>
