2484 3992
416 245 719 307 ΟΛΥΝΘΙΑΚΟΣ
736 246 772 306 B.
1032 242 1074 309 35

94 428 244 516 χρηστάν
265 428 376 516 φαῦλα
397 433 439 495 τδι
453 435 628 516 πράγματα
643 440 699 515 της
712 434 836 509 πόλεως
850 434 1006 515 γέγονεν,
1018 434 1090 511 διδιΥ

96 537 227 600 τούτων
249 535 385 614 ἐλπίζετε
408 539 476 600 τῶν
497 537 608 601 αὑτοῖν
630 535 667 600 ἐκ
689 538 827 621 φαύλων
849 535 932 599 αὐτὰ
954 537 1076 619 γρηστδι

94 640 310 722 γενήσεσθαις
341 640 408 703 ἀλλ’
432 642 501 704 οὔτ’
524 641 662 722 εὔλογον
689 642 757 704 οὔτ’
781 641 856 724 ἔχον
884 639 951 704 ἐστὶ
975 644 1077 724 φύσιν

94 744 195 807 τοῦτό
217 763 268 826 γε·
303 745 387 806 πολὺ
416 743 479 828 γὰρ
507 742 590 827 ῥᾷον
612 745 744 827 ἔχοντας
765 745 941 827 φυλάττειν
961 745 981 826 ἢ
1005 745 1075 826 κτή-

96 852 222 911 σασθαι
244 851 351 911 πάντα
373 848 527 930 πέφυκεν.
565 857 630 912 νῦν
652 849 681 911 δ’
705 849 725 910 ὅ
745 870 774 910 τι
797 847 858 929 μέν
880 847 1075 930 φυλάξομεν,

94 952 197 1015 οὐδέν
224 948 295 1015 ἐσθ’
320 950 385 1015 ὑπὸ
411 961 472 1015 τοῦ
498 953 644 1034 πολέμου
673 952 789 1015 λοιπὸν
817 957 884 1016 τῶν
905 954 1076 1035 πρότερον,

94 1055 280 1136 κτήσασθαι
303 1055 339 1119 δέ
362 1056 420 1119 δεῖ.
451 1050 562 1119 αύτῶν
584 1052 647 1119 οὑν
668 1056 761 1138 ἡμῶν
783 1056 879 1139 ἔργον
900 1059 986 1119 τοῦτ’
1002 1056 1075 1138 ἠδη.

95 1159 181 1239 φημί
203 1157 244 1239 δη
267 1158 337 1222 δεῖν
360 1159 524 1242 εἰσφέρειν
544 1159 702 1244 χρήματα,
726 1158 848 1233 αὐτοὺς
868 1157 986 1235 ἐξιέναι
1001 1177 1118 1243 προ-ει

94 1262 228 1342 θύμως,
263 1260 374 1342 μηδέν’
399 1261 582 1344 αἰτιᾶσθαι,
616 1263 695 1345 πρὶν
713 1262 755 1325 ἂν
781 1270 848 1325 τῶν
876 1264 1077 1345 πραγμάτων

93 1364 284 1446 κρατήσητε,
294 1368 472 1445 τηνικαῦτα
484 1365 514 1427 δ’
523 1365 576 1428 ἀπ’
585 1365 772 1429 αὐτῶντῶν
783 1365 888 1448 ἔργων
904 1365 1079 1449 κρίναντας

94 1469 174 1543 τοὺς
195 1467 256 1549 μέν
277 1466 389 1545 άξίους
418 1466 554 1533 ἐπαίνου
577 1478 690 1551 τιμάν,
721 1469 799 1544 τοὺς
826 1470 855 1532 δ’
880 1469 1079 1543 ἀδικοῦντας

95 1573 253 1651 κολάζειν,
275 1571 334 1647 τδις
348 1576 531 1656 προφάσεις
553 1574 582 1636 δ’
600 1573 733 1655 άφελεῖν
754 1573 810 1636 καλ
831 1573 873 1636 τδι
895 1575 972 1636 καθ’
987 1572 1073 1654 ὑμοῖς

97 1675 308 1758 ἐλλείμματα·
324 1674 366 1739 οὐ
381 1677 444 1759 γάρ
460 1676 527 1740 ἐστι
541 1685 664 1759 πικρῶς
680 1676 833 1755 ἐξετάσαι,
849 1679 883 1739 τί
895 1678 1078 1759 πέπρακται

94 1789 165 1854 τοῖς
187 1782 305 1859 ἄλλοις,
330 1780 372 1843 ἂν
392 1780 436 1861 μὴ
458 1780 646 1862 παρ”ὑμῶν
662 1781 772 1844 αὐτῶν
793 1789 925 1862 πρῶτον
947 1776 1074 1862 ὑπάρξη

92 1883 136 1946 τδι
151 1881 277 1945 δέοντα.
305 1884 393 1958 τίνος
407 1882 471 1965 γὰρ
486 1882 591 1962 εἵνεκ’,
616 1880 642 1945 ὦ
658 1884 775 1965 ἄνδρες
786 1877 966 1964 Ἀθηναῖοι,
987 1885 1075 1963 νομί·
1085 1898 1119 1946 28

95 1988 171 2064 ζετε,
194 1994 312 2048 τοῦτον
334 1984 394 2066 μὲν
415 1987 550 2068 φεύγειν
576 1986 634 2049 τὸν
656 1988 799 2068 πόλεμον
824 1988 949 2061 πάντας
978 1986 1076 2061 ὅσους

95 2090 139 2152 ίιν
151 2088 333 2171 ἐκπέμψητε
346 2091 555 2172 στρατηγούς,
569 2089 675 2164 ίδίους
687 2091 716 2153 δ’
729 2089 892 2173 εὑρίσκειν
902 2090 1074 2171 πολέμους,

93 2193 124 2256 εί
148 2193 197 2256 δεῖ
216 2214 248 2256 τι
268 2201 336 2257 τῶν
358 2195 463 2257 ὄντων
483 2195 539 2257 καί
560 2195 635 2277 περὶ
657 2203 722 2257 τῶν
744 2202 933 2276 στρατηγῶν
956 2195 1076 2275 είπεῖν,·

94 2297 147 2360 δτι
168 2295 315 2360 ἐνταῦθα
336 2296 397 2378 μέν
411 2297 479 2361 ἐστι
501 2294 592 2360 τᾶθλ’
617 2297 699 2378 ὑπὲρ
722 2297 770 2359 ιὺν
792 2296 880 2360 ἐστιν
902 2297 919 2358 δ
937 2299 1075 2377 πόλεμος

92 2399 246 2483 ὑμέτερα,
268 2395 465 2483 Ἀμφίπολις,
487 2401 543 2463 καί
566 2402 608 2465 δν
630 2400 752 2484 ληφθῇ,
774 2403 959 2483 παραχρῆμ’
982 2399 1075 2482 ὑμεῖς

92 2508 279 2585 κομιεῖσθε·
314 2504 346 2566 ολ
373 2504 410 2568 δὲ
443 2505 594 2568 κίνδυνοι
627 2513 693 2568 τῶν
726 2504 951 2587 ἐφεστηκότων
984 2504 1073 2583 ἴδιοι,

91 2608 214 2690 μισθὸς
230 2609 258 2672 δ’
275 2609 337 2671 οὐκ
353 2608 454 2672 ἔστιν·
478 2608 544 2671 ἐκεῖ
559 2609 596 2672 δέ
611 2610 762 2673 κίνδυνοι
778 2609 838 2690 μὲν
853 2608 1016 2685 ἐλάττους,
1033 2608 1074 2670 τδι

92 2712 132 2775 δέ
161 2712 310 2793 λήμματα
342 2721 409 2775 τῶν
436 2710 660 2796 ἐφεστηκότων
686 2713 830 2776 καὶτῶν
858 2720 1073 2795 στρατιωτῶν,

93 2817 286 2896 Λάμψακος,
310 2818 452 2898 Σίγειον,
475 2818 516 2880 τά
537 2815 628 2880 πλοῖ’
652 2819 674 2880 ά
698 2819 847 2880 συλῶσιν.
883 2816 931 2880 ἐπ’
955 2812 1074 2879 οὖντὸ

92 2920 286 2982 λυσιτελοῦν
308 2917 419 2994 αὑτοῖς
441 2919 571 2984 ἔκαστοι
592 2930 765 3005 χωροῦσιν.
809 2919 902 3001 ὑμεῖς
923 2919 964 2999 δ’,
995 2919 1074 2981 ὅταν
1083 2935 1116 2982 29

92 3023 156 3106 μὲν
178 3022 223 3098 είς
244 3023 285 3085 τά
306 3021 473 3107 πράγματέ
485 3024 687 3107 ἀποβλέψητε
703 3025 836 3108 φαύλως
850 3023 975 3106 ἔχοντα,
998 3000 1076 3097 τδὺς

92 3125 312 3210 ἐφεστηκότας
327 3129 461 3211 κρίνετε,
478 3130 558 3193 ὅταν
572 3130 609 3194 δέ
625 3130 737 3205 δόντες
751 3131 850 3212 λόγον
860 3129 918 3204 τὰς
930 3128 1075 3211 άνάγκας

93 3230 257 3312 ἀκούσητε
278 3233 410 3311 ταύτας,
434 3233 554 3316 ἀφίετε.
583 3235 726 3316 περίεστι
747 3234 864 3297 τοίνυν
879 3232 958 3314 ὑμῖν
980 3233 1073 3314 άλλη-

91 3337 164 3407 λοις
175 3332 290 3415 ἐρίζειν
301 3335 357 3397 καλ
369 3335 544 3416 διεστάναι,
560 3346 629 3412 τοῖς
644 3337 703 3419 μὲν
719 3346 822 3401 ταῦτα
837 3337 1074 3418 πεπεισμένοις,

91 3446 163 3513 τοῖς
178 3437 215 3501 δὲ
231 3447 344 3519 ταῦτα,
366 3439 407 3503 τδι
422 3440 517 3502 κοινὰ
533 3440 562 3503 δ’
578 3440 661 3522 ἔχειν
677 3443 818 3525 φαύλως.
842 3442 1002 3525 πρότερον
1016 3440 1077 3518 μέν

90 3543 167 3627 γάρ,
192 3537 218 3603 ὦ
241 3541 357 3625 ἄνδρες
378 3545 556 3624 Ἀθηναῖοι,
579 3541 661 3605 κατά
685 3546 867 3627 συμμορίας
882 3543 1072 3624 εἰσεφέρετε,

918 3643 950 3692 3*
