2484 3992
154 246 216 313 122
525 247 768 315 APPENDIX.

150 455 212 520 περ
233 444 301 511 τοῖς
329 439 476 500 πωλοῦσι
501 438 653 523 Φιλίππῳ
679 437 740 520 την
761 439 905 522 πατρίδα
938 440 1077 522 πάρεσθ’
1113 438 1135 521 ἡ

151 539 366 623 βοηθήσουσα
389 541 530 624 δύναμις
551 540 588 606 ἐν
606 538 764 627 Ἐλατείᾳ,
786 543 874 606 ούτω
895 553 965 619 τοῖς
978 544 1062 624 ὑπὲρ
1077 551 1137 625 τῆς

152 642 339 728 ἐλευθερίας
367 645 583 727 ἀγωνίζεσθαι
609 647 822 728 βουλομένοις
851 646 1010 730 ὑπάρχεθ’
1039 647 1136 729 ὑμεῖς

123 747 273 832 εὲτοιμοι
295 751 352 813 καί
372 747 564 832 βοηθησεά,
596 753 638 813 ἄν
666 771 715 824 τις
742 750 791 813 ἐπ’
821 749 943 825 αὐτοὺς
965 753 1008 832 ίη.
1054 751 1136 832 μετὰ

152 862 257 917 ταῦτα
278 863 502 937 χειροτονῆσαι
516 855 639 917 κελεύω
654 853 734 917 δέκα
748 855 907 938 πρέσβεις,
930 855 985 917 καὶ
999 863 1137 936 ποιησαι

152 957 292 1032 τούτους
318 958 455 1040 κυρίους
483 957 652 1039 μετὰτῶν
675 966 865 1040 στρατηγῶν
894 958 950 1020 καί
971 966 1035 1021 τοῦ
1055 958 1136 1022 πότε

144 1060 195 1123 δεῖ
221 1061 364 1142 βαδίζειν
391 1062 447 1124 καί
475 1070 532 1143 της
558 1060 685 1138 ἐξόδου.
730 1059 865 1125 ἐπειδὰν
887 1062 915 1124 δ’
939 1061 1081 1125 ἔλθωσιν
1102 1063 1137 1125 οἱ

151 1163 299 1247 πρέσβεις
309 1165 357 1240 είς
370 1166 489 1247 θήβας,
511 1173 581 1240 πῶς
601 1164 787 1248 χρήσασθαι
804 1173 850 1248 τῷ
864 1165 1031 1248 πράγματι
1047 1185 1133 1248 παρ-

152 1277 254 1349 αινῶς
274 1270 381 1353 τούτῳ
403 1270 492 1332 πάνυ
508 1290 564 1350 μοι
578 1270 733 1352 πρόσχετε
748 1268 806 1332 τὸν
820 1272 914 1332 νούν.
942 1267 987 1350 μὴ
1003 1269 1137 1332 δεῖσθαι

156 1372 310 1452 Θηβαίων
332 1371 435 1454 μηδὲν
458 1371 603 1455 (αἰσχρὸς
625 1374 689 1455 γὰρ
704 1371 723 1434 ὁ
738 1372 877 1453 καιρός),
900 1373 967 1434 ἀλλ’
984 1370 1136 1454 ἐπαγγέλ-

154 1477 270 1538 λεσθαι
291 1474 479 1556 βοηθήσειν,
504 1474 545 1538 ἂν
558 1476 744 1554 κελεύωσιν,
769 1472 812 1549 ὡς
827 1473 962 1538 ἐκείνων
978 1477 1085 1538 ὄντων
1099 1476 1137 1540 ἐν

153 1587 221 1652 τοῖς
235 1577 393 1660 ἐσχάτοις,
408 1576 501 1660 ἡμῶν
513 1579 542 1641 δ’
558 1581 695 1659 ἄμεινον
709 1577 729 1659 η
746 1581 858 1642 ’κεῖνοι
873 1579 1134 1662 προορωμένων·

154 1680 195 1744 ἵν’
219 1680 278 1744 ἐὰν
299 1680 361 1763 μὲν
382 1680 538 1759 δέξωνται
560 1687 665 1746 ταῦτα
687 1682 744 1745 καί
764 1686 947 1746 πεισθῶσιν
968 1683 1057 1765 ἡμῖν,
1080 1692 1138 1755 καὶ

94 1844 97 1854 ,
155 1785 370 1867 θβουλόμεθ
395 1782 482 1867 ῶμεν
505 1786 700 1870 διῳκημένοι
722 1785 778 1847 καί
800 1786 880 1866 μετὰ
906 1787 1138 1868 προσχήματος

154 1886 249 1965 ἀξίου
262 1897 319 1970 της
333 1888 458 1963 πόλεως
471 1892 576 1952 ταῦτα
590 1886 772 1970 πράξωμεν,
796 1888 838 1951 ἂν
852 1889 882 1952 δ’
894 1891 959 1969 ἄρα
970 1889 1014 1971 μη
1028 1891 1137 1974 συμβῇ

153 2002 358 2077 κατατυχεῖν,
380 1992 500 2058 ἐκείνοι
524 1993 584 2075 μὲν
607 1991 720 2068 αὐτοῖς
742 1992 931 2075 ἐγκαλῶσιν,
955 1996 997 2058 ἄν
1018 2016 1050 2057 τι
1071 2000 1138 2059 νῦν

153 2095 428 2179 ἐξαμαρτάνωσιν,
451 2096 530 2178 ἡμῖν
551 2096 588 2159 δὲ
611 2097 715 2178 μηδὲν
735 2096 870 2180 αἰσχρὸν
883 2096 967 2178 μηδὲ
981 2098 1138 2164 ταπεινὸν

113 2188 448 2284 τοῇπεπραγμένον.“
477 2202 589 2264 Ταῦτα
606 2199 663 2262 καὶ
673 2199 884 2283 παραπλήσια
894 2201 1024 2275 τούτοις
1034 2201 1138 2266 είπὼν

153 2305 303 2388 κατέβην.
354 2307 663 2369 συνεπαινεσάντων
690 2304 727 2368 δὲ
753 2307 888 2368 πάντων
914 2304 970 2367 καί
999 2305 1138 2382 οὐδενὸς

155 2407 302 2483 εἰπόντος
324 2408 477 2473 ἐναντίον
504 2407 621 2487 οὐδέν,
655 2407 718 2471 οὐκ
745 2403 838 2470 είπον
859 2407 920 2490 μὲν
940 2410 1045 2488 ταῦτ’,
1075 2409 1139 2472 οὐκ

154 2511 282 2595 ἔγραψα
304 2512 351 2592 δέ,
375 2509 446 2575 οὐδ’
464 2511 591 2595 ἐγραιβα
609 2510 680 2592 μέν,
696 2510 759 2574 ούκ
773 2508 975 2594 ἐπρέσβευσα
990 2510 1038 2590 δέ,
1061 2510 1134 2574 οὐδ’

154 2612 355 2697 ἐπρέσβευσα
383 2617 453 2697 μέν,
484 2613 546 2677 οὐκ
569 2614 680 2677 ἔπεισα
708 2612 745 2676 δέ
770 2614 947 2695 Θηβαίους,
978 2613 1047 2677 ἀλλ’
1071 2615 1136 2689 ἀπὸ

153 2726 211 2799 τῆς
226 2716 325 2800 ἀρχῆς
341 2719 414 2801 άχρι
429 2726 486 2800 τῆς
500 2719 650 2798 τελευτῆς
665 2715 846 2798 διεξῆλθον,
861 2717 917 2779 καί
932 2717 1026 2780 ἔδωκ’
1039 2715 1136 2799 ἐμαυ-

154 2822 212 2885 τὸν
234 2820 313 2902 ύμῖν
336 2820 444 2895 ἁπλῶς
465 2821 511 2895 είς
532 2821 611 2896 τοὺς
632 2821 881 2903 περιεστηκότας
901 2828 940 2902 τῇ
955 2821 1049 2884 πόλει
1071 2842 1136 2884 κιν

155 2927 289 3001 δύνους.
