<?xml version="1.0" encoding="UTF-8"?>
<!DOCTYPE html PUBLIC "-//W3C//DTD XHTML 1.0 Transitional//EN"
    "http://www.w3.org/TR/xhtml1/DTD/xhtml1-transitional.dtd">
<html xmlns="http://www.w3.org/1999/xhtml" xml:lang="en" lang="en">
 <head>
  <title>
</title>
<meta http-equiv="Content-Type" content="text/html;charset=utf-8" />
  <meta name='ocr-system' content='tesseract 3.04.00' />
  <meta name='ocr-capabilities' content='ocr_page ocr_carea ocr_par ocr_line ocrx_word'/>
</head>
<body>
  <div class='ocr_page' id='page_1' title='image "./orationesselect00demogoog_0114.png"; bbox 0 0 2484 3992; ppageno 0'>
   <div class='ocr_carea' id='block_1_1' title="bbox 152 254 880 322">
    <p class='ocr_par' dir='ltr' id='par_1_1' title="bbox 152 254 880 322">
     <span class='ocr_line' id='line_1_1' title="bbox 152 254 880 322; baseline -0.004 -1"><span class='ocrx_word' id='word_1_1' title='bbox 152 256 196 321; x_wconf 81' lang='lat'><strong><em>90</em></strong></span> <span class='ocrx_word' id='word_1_2' title='bbox 401 255 496 322; x_wconf 83' lang='lat' dir='ltr'><strong>VIII.</strong></span> <span class='ocrx_word' id='word_1_3' title='bbox 518 254 880 320; x_wconf 73' lang='grc' dir='ltr'><em>ΔΗΜΟΣΘΕΝΟΤΣ</em></span> 
     </span>
    </p>
   </div>
   <div class='ocr_carea' id='block_1_2' title="bbox 153 446 1131 720">
    <p class='ocr_par' dir='ltr' id='par_1_2' title="bbox 153 446 1131 720">
     <span class='ocr_line' id='line_1_2' title="bbox 154 446 1131 533; baseline 0 -21"><span class='ocrx_word' id='word_1_4' title='bbox 154 449 315 533; x_wconf 80' lang='lat' dir='ltr'><strong>scriptas,</strong></span> <span class='ocrx_word' id='word_1_5' title='bbox 344 446 428 511; x_wconf 76' lang='lat' dir='ltr'><strong>haee</strong></span> <span class='ocrx_word' id='word_1_6' title='bbox 451 457 502 512; x_wconf 80' lang='lat' dir='ltr'><strong><em>est</em></strong></span> <span class='ocrx_word' id='word_1_7' title='bbox 525 454 694 524; x_wconf 72' lang='lat' dir='ltr'><strong>extrema,</strong></span> <span class='ocrx_word' id='word_1_8' title='bbox 723 466 925 530; x_wconf 76' lang='lat' dir='ltr'><strong>quamquam</strong></span> <span class='ocrx_word' id='word_1_9' title='bbox 947 447 1131 530; x_wconf 80' lang='lat' dir='ltr'><strong>posteriore</strong></span> 
     </span>
     <span class='ocr_line' id='line_1_3' title="bbox 153 547 1130 637; baseline 0.002 -22"><span class='ocrx_word' id='word_1_10' title='bbox 153 572 283 637; x_wconf 85' lang='lat' dir='ltr'>quoque</span> <span class='ocrx_word' id='word_1_11' title='bbox 316 559 465 636; x_wconf 78' lang='lat' dir='ltr'>temporo</span> <span class='ocrx_word' id='word_1_12' title='bbox 499 550 634 635; x_wconf 78' lang='lat' dir='ltr'><strong>saepius</strong></span> <span class='ocrx_word' id='word_1_13' title='bbox 669 547 763 614; x_wconf 88' lang='lat' dir='ltr'>illum</span> <span class='ocrx_word' id='word_1_14' title='bbox 797 550 1029 616; x_wconf 82' lang='lat' dir='ltr'>contionatum</span> <span class='ocrx_word' id='word_1_15' title='bbox 1059 574 1130 617; x_wconf 76' lang='lat' dir='ltr'>esse</span> 
     </span>
     <span class='ocr_line' id='line_1_4' title="bbox 153 662 299 720; baseline -0.007 0"><span class='ocrx_word' id='word_1_16' title='bbox 153 662 299 720; x_wconf 78' lang='lat' dir='ltr'><strong>constat.</strong></span> 
     </span>
    </p>
   </div>
   <div class='ocr_carea' id='block_1_3' title="bbox 127 786 1223 3672">
    <p class='ocr_par' dir='ltr' id='par_1_3' title="bbox 155 786 1223 1912">
     <span class='ocr_line' id='line_1_5' title="bbox 258 786 1131 877; baseline 0.003 -21"><span class='ocrx_word' id='word_1_17' title='bbox 258 795 403 874; x_wconf 75' lang='grc' dir='ltr'><strong><em>Πολλοθν,</em></strong></span> <span class='ocrx_word' id='word_1_18' title='bbox 427 788 586 873; x_wconf 79' lang='grc' dir='ltr'><strong><em>ὧάνδρες</em></strong></span> <span class='ocrx_word' id='word_1_19' title='bbox 605 786 786 874; x_wconf 85' lang='grc' dir='ltr'><strong><em>Ἀθηναῖοι,</em></strong></span> <span class='ocrx_word' id='word_1_20' title='bbox 808 792 915 875; x_wconf 89' lang='grc' dir='ltr'><strong><em>λόγων</em></strong></span> <span class='ocrx_word' id='word_1_21' title='bbox 929 797 1131 877; x_wconf 79' lang='grc' dir='ltr'><strong><em>γιγνομένων</em></strong></span> 
     </span>
     <span class='ocr_line' id='line_1_6' title="bbox 156 893 1128 980; baseline 0.003 -20"><span class='ocrx_word' id='word_1_22' title='bbox 156 896 267 978; x_wconf 78' lang='grc' dir='ltr'><em>ὀλίγου</em></span> <span class='ocrx_word' id='word_1_23' title='bbox 291 896 361 960; x_wconf 83' lang='grc' dir='ltr'><strong><em>δεῖν</em></strong></span> <span class='ocrx_word' id='word_1_24' title='bbox 383 900 458 959; x_wconf 78' lang='grc' dir='ltr'><strong><em>καθ’</em></strong></span> <span class='ocrx_word' id='word_1_25' title='bbox 482 894 622 975; x_wconf 82' lang='grc' dir='ltr'><strong><em>ἑκάστην</em></strong></span> <span class='ocrx_word' id='word_1_26' title='bbox 644 893 825 978; x_wconf 79' lang='grc' dir='ltr'><strong><em>ἐκκλησίαν,</em></strong></span> <span class='ocrx_word' id='word_1_27' title='bbox 848 897 923 980; x_wconf 76' lang='grc' dir='ltr'><strong><em>περὶ</em></strong></span> <span class='ocrx_word' id='word_1_28' title='bbox 946 896 994 960; x_wconf 75' lang='grc' dir='ltr'><strong><em>ὧν</em></strong></span> <span class='ocrx_word' id='word_1_29' title='bbox 1019 901 1128 963; x_wconf 88' lang='grc' dir='ltr'><strong><em>Φίλιπ-</em></strong></span> 
     </span>
     <span class='ocr_line' id='line_1_7' title="bbox 155 996 1131 1086; baseline 0.003 -23"><span class='ocrx_word' id='word_1_30' title='bbox 155 1020 225 1079; x_wconf 92' lang='grc' dir='ltr'><strong><em>πος,</em></strong></span> <span class='ocrx_word' id='word_1_31' title='bbox 249 998 305 1082; x_wconf 83' lang='grc' dir='ltr'><strong><em>ἀφ’</em></strong></span> <span class='ocrx_word' id='word_1_32' title='bbox 328 996 369 1061; x_wconf 89' lang='grc' dir='ltr'><strong><em>οὑ</em></strong></span> <span class='ocrx_word' id='word_1_33' title='bbox 391 998 451 1080; x_wconf 77' lang='grc' dir='ltr'><strong><em>τὴν</em></strong></span> <span class='ocrx_word' id='word_1_34' title='bbox 473 998 607 1081; x_wconf 78' lang='grc' dir='ltr'><strong><em>εἰρήνην</em></strong></span> <span class='ocrx_word' id='word_1_35' title='bbox 629 996 816 1079; x_wconf 78' lang='grc' dir='ltr'><strong><em>ἐποιήσατο,</em></strong></span> <span class='ocrx_word' id='word_1_36' title='bbox 847 997 889 1062; x_wconf 90' lang='grc' dir='ltr'><strong><em>οὑ</em></strong></span> <span class='ocrx_word' id='word_1_37' title='bbox 910 1001 1015 1082; x_wconf 91' lang='grc' dir='ltr'><strong><em>μόνον</em></strong></span> <span class='ocrx_word' id='word_1_38' title='bbox 1038 1004 1131 1086; x_wconf 82' lang='grc' dir='ltr'><strong><em>ὑμεῖς,</em></strong></span> 
     </span>
     <span class='ocr_line' id='line_1_8' title="bbox 159 1101 1133 1182; baseline 0.002 -15"><span class='ocrx_word' id='word_1_39' title='bbox 159 1105 239 1168; x_wconf 86' lang='grc' dir='ltr'><strong><em>άλλδι</em></strong></span> <span class='ocrx_word' id='word_1_40' title='bbox 267 1105 322 1166; x_wconf 81' lang='grc' dir='ltr'><strong><em>καὶ</em></strong></span> <span class='ocrx_word' id='word_1_41' title='bbox 349 1104 426 1179; x_wconf 85' lang='grc' dir='ltr'><strong><em>τοὺς</em></strong></span> <span class='ocrx_word' id='word_1_42' title='bbox 449 1105 566 1177; x_wconf 79' lang='grc' dir='ltr'><strong><em>ἄλλους</em></strong></span> <span class='ocrx_word' id='word_1_43' title='bbox 594 1102 714 1182; x_wconf 79' lang='grc' dir='ltr'><strong><em>ἀδικεῖ,</em></strong></span> <span class='ocrx_word' id='word_1_44' title='bbox 748 1103 804 1165; x_wconf 85' lang='grc' dir='ltr'><strong><em>καί</em></strong></span> <span class='ocrx_word' id='word_1_45' title='bbox 828 1105 962 1167; x_wconf 88' lang='grc' dir='ltr'><strong><em>πάντων</em></strong></span> <span class='ocrx_word' id='word_1_46' title='bbox 993 1101 1057 1168; x_wconf 79' lang='grc' dir='ltr'><strong><em>οἷδ’</em></strong></span> <span class='ocrx_word' id='word_1_47' title='bbox 1087 1107 1133 1169; x_wconf 84' lang='grc' dir='ltr'><strong><em>ὅτι</em></strong></span> 
     </span>
     <span class='ocr_line' id='line_1_9' title="bbox 156 1205 1134 1292; baseline 0.002 -21"><span class='ocrx_word' id='word_1_48' title='bbox 156 1209 333 1292; x_wconf 79' lang='grc' dir='ltr'><strong><em>φησάντων</em></strong></span> <span class='ocrx_word' id='word_1_49' title='bbox 354 1210 384 1290; x_wconf 90' lang='grc' dir='ltr'><strong><em>γ’</em></strong></span> <span class='ocrx_word' id='word_1_50' title='bbox 409 1209 460 1287; x_wconf 89' lang='grc' dir='ltr'><strong><em>άν,</em></strong></span> <span class='ocrx_word' id='word_1_51' title='bbox 483 1206 512 1269; x_wconf 87' lang='grc' dir='ltr'><strong><em>εί</em></strong></span> <span class='ocrx_word' id='word_1_52' title='bbox 534 1206 589 1269; x_wconf 83' lang='grc' dir='ltr'><strong><em>καί</em></strong></span> <span class='ocrx_word' id='word_1_53' title='bbox 612 1205 655 1289; x_wconf 78' lang='grc' dir='ltr'><strong><em>μὴ</em></strong></span> <span class='ocrx_word' id='word_1_54' title='bbox 678 1215 812 1269; x_wconf 83' lang='grc' dir='ltr'><strong><em>ποιοῦσι</em></strong></span> <span class='ocrx_word' id='word_1_55' title='bbox 826 1215 934 1288; x_wconf 78' lang='grc' dir='ltr'><strong><em>τοῦτο,</em></strong></span> <span class='ocrx_word' id='word_1_56' title='bbox 957 1209 1012 1270; x_wconf 81' lang='grc' dir='ltr'><strong><em>καί</em></strong></span> <span class='ocrx_word' id='word_1_57' title='bbox 1030 1210 1134 1291; x_wconf 82' lang='grc' dir='ltr'><strong><em>λέγειν</em></strong></span> 
     </span>
     <span class='ocr_line' id='line_1_10' title="bbox 157 1308 1133 1395; baseline 0 -20"><span class='ocrx_word' id='word_1_58' title='bbox 157 1312 228 1377; x_wconf 92' lang='grc' dir='ltr'><strong><em>δεῖν</em></strong></span> <span class='ocrx_word' id='word_1_59' title='bbox 250 1312 306 1375; x_wconf 81' lang='grc' dir='ltr'><strong><em>καὶ</em></strong></span> <span class='ocrx_word' id='word_1_60' title='bbox 326 1312 490 1393; x_wconf 88' lang='grc' dir='ltr'><strong><em>πράττειν,</em></strong></span> <span class='ocrx_word' id='word_1_61' title='bbox 514 1309 601 1385; x_wconf 72' lang='grc' dir='ltr'><strong><em>ὅπως</em></strong></span> <span class='ocrx_word' id='word_1_62' title='bbox 622 1308 747 1385; x_wconf 80' lang='grc' dir='ltr'><strong><em>ἐκεῖνος</em></strong></span> <span class='ocrx_word' id='word_1_63' title='bbox 761 1311 923 1374; x_wconf 87' lang='grc' dir='ltr'><strong><em>παύσεται</em></strong></span> <span class='ocrx_word' id='word_1_64' title='bbox 937 1319 994 1393; x_wconf 81' lang='grc' dir='ltr'><strong><em>τῆς</em></strong></span> <span class='ocrx_word' id='word_1_65' title='bbox 1008 1313 1133 1395; x_wconf 85' lang='grc' dir='ltr'><strong><em>ὕβρεως</em></strong></span> 
     </span>
     <span class='ocr_line' id='line_1_11' title="bbox 155 1413 1132 1500; baseline 0.001 -23"><span class='ocrx_word' id='word_1_66' title='bbox 155 1415 209 1478; x_wconf 80' lang='grc' dir='ltr'><strong><em>καὶ</em></strong></span> <span class='ocrx_word' id='word_1_67' title='bbox 233 1415 330 1496; x_wconf 89' lang='grc' dir='ltr'><strong><em>δίκην</em></strong></span> <span class='ocrx_word' id='word_1_68' title='bbox 352 1414 460 1492; x_wconf 84' lang='grc' dir='ltr'><strong><em>δώσει,</em></strong></span> <span class='ocrx_word' id='word_1_69' title='bbox 484 1413 530 1487; x_wconf 85' lang='grc' dir='ltr'><strong><em>είς</em></strong></span> <span class='ocrx_word' id='word_1_70' title='bbox 552 1416 645 1477; x_wconf 84' lang='grc' dir='ltr'><strong><em>τοῦθ’</em></strong></span> <span class='ocrx_word' id='word_1_71' title='bbox 670 1414 842 1496; x_wconf 74' lang='grc' dir='ltr'><strong><em>ὑπηγμένα</em></strong></span> <span class='ocrx_word' id='word_1_72' title='bbox 856 1417 962 1477; x_wconf 92' lang='grc' dir='ltr'><strong><em>πάντα</em></strong></span> <span class='ocrx_word' id='word_1_73' title='bbox 978 1413 1018 1477; x_wconf 80' lang='grc' dir='ltr'><strong><em>τὰ</em></strong></span> <span class='ocrx_word' id='word_1_74' title='bbox 1034 1419 1132 1500; x_wconf 87' lang='grc' dir='ltr'><strong><em>πράγ·</em></strong></span> 
     </span>
     <span class='ocr_line' id='line_1_12' title="bbox 155 1516 1132 1601; baseline 0 -20"><span class='ocrx_word' id='word_1_75' title='bbox 155 1539 242 1601; x_wconf 90' lang='grc' dir='ltr'><strong><em>ματα</em></strong></span> <span class='ocrx_word' id='word_1_76' title='bbox 264 1517 319 1578; x_wconf 81' lang='grc' dir='ltr'><strong><em>καί</em></strong></span> <span class='ocrx_word' id='word_1_77' title='bbox 341 1516 502 1599; x_wconf 78' lang='grc' dir='ltr'><strong><em>προειμέν’</em></strong></span> <span class='ocrx_word' id='word_1_78' title='bbox 527 1516 604 1599; x_wconf 85' lang='grc' dir='ltr'><strong><em>ὁρῶ,</em></strong></span> <span class='ocrx_word' id='word_1_79' title='bbox 629 1517 710 1579; x_wconf 83' lang='grc' dir='ltr'><strong><em>ὥστε</em></strong></span> <span class='ocrx_word' id='word_1_80' title='bbox 726 1517 861 1579; x_wconf 85' lang='grc' dir='ltr'><strong><em>δέδοικα</em></strong></span> <span class='ocrx_word' id='word_1_81' title='bbox 875 1516 920 1599; x_wconf 81' lang='grc' dir='ltr'><strong><em>μη</em></strong></span> <span class='ocrx_word' id='word_1_82' title='bbox 935 1518 1132 1600; x_wconf 78' lang='grc' dir='ltr'><strong><em>βλάσφημον</em></strong></span> 
     </span>
     <span class='ocr_line' id='line_1_13' title="bbox 156 1618 1131 1703; baseline 0.002 -20"><span class='ocrx_word' id='word_1_83' title='bbox 156 1620 217 1703; x_wconf 81' lang='grc' dir='ltr'><strong><em>μὲν</em></strong></span> <span class='ocrx_word' id='word_1_84' title='bbox 231 1618 343 1698; x_wconf 87' lang='grc' dir='ltr'><strong><em>είπεῖν,</em></strong></span> <span class='ocrx_word' id='word_1_85' title='bbox 360 1618 479 1701; x_wconf 79' lang='grc' dir='ltr'><strong><em>ἀληθὲς</em></strong></span> <span class='ocrx_word' id='word_1_86' title='bbox 494 1619 547 1682; x_wconf 83' lang='grc' dir='ltr'><strong><em>δέ·</em></strong></span> <span class='ocrx_word' id='word_1_87' title='bbox 571 1618 600 1681; x_wconf 90' lang='grc' dir='ltr'><strong><em>εί</em></strong></span> <span class='ocrx_word' id='word_1_88' title='bbox 615 1619 671 1681; x_wconf 84' lang='grc' dir='ltr'><strong><em>καί</em></strong></span> <span class='ocrx_word' id='word_1_89' title='bbox 685 1620 790 1701; x_wconf 82' lang='grc' dir='ltr'><strong><em>λέγειν</em></strong></span> <span class='ocrx_word' id='word_1_90' title='bbox 805 1619 946 1694; x_wconf 79' lang='grc' dir='ltr'><strong><em>ἅπαντες</em></strong></span> <span class='ocrx_word' id='word_1_91' title='bbox 961 1619 1131 1702; x_wconf 76' lang='grc' dir='ltr'><strong><em>ἐβούλονθ’</em></strong></span> 
     </span>
     <span class='ocr_line' id='line_1_14' title="bbox 156 1706 1223 1808; baseline 0 -20"><span class='ocrx_word' id='word_1_92' title='bbox 156 1726 187 1788; x_wconf 85' lang='grc' dir='ltr'><strong><em>οἱ</em></strong></span> <span class='ocrx_word' id='word_1_93' title='bbox 209 1725 380 1808; x_wconf 75' lang='grc' dir='ltr'><strong><em>παριόντες</em></strong></span> <span class='ocrx_word' id='word_1_94' title='bbox 395 1723 450 1787; x_wconf 84' lang='grc' dir='ltr'><strong><em>καί</em></strong></span> <span class='ocrx_word' id='word_1_95' title='bbox 464 1731 662 1805; x_wconf 81' lang='grc' dir='ltr'><strong><em>χειροτονεῖν</em></strong></span> <span class='ocrx_word' id='word_1_96' title='bbox 672 1723 774 1806; x_wconf 81' lang='grc' dir='ltr'><strong><em>ὑμεῖς,</em></strong></span> <span class='ocrx_word' id='word_1_97' title='bbox 791 1721 823 1799; x_wconf 79' lang='grc' dir='ltr'><strong><em>ἐξ</em></strong></span> <span class='ocrx_word' id='word_1_98' title='bbox 838 1723 885 1786; x_wconf 80' lang='grc' dir='ltr'><strong><em>ὧν</em></strong></span> <span class='ocrx_word' id='word_1_99' title='bbox 901 1722 945 1799; x_wconf 84' lang='grc' dir='ltr'><strong><em>ὡς</em></strong></span> <span class='ocrx_word' id='word_1_100' title='bbox 955 1726 1134 1806; x_wconf 80' lang='grc' dir='ltr'><strong><em>φαυλότατ’</em></strong></span> <span class='ocrx_word' id='word_1_101' title='bbox 1222 1706 1223 1709; x_wconf 25' lang='grc'><strong><em>’</em></strong></span> 
     </span>
     <span class='ocr_line' id='line_1_15' title="bbox 155 1824 1134 1912; baseline 0 -20"><span class='ocrx_word' id='word_1_102' title='bbox 155 1830 270 1912; x_wconf 76' lang='grc' dir='ltr'><strong><em>ἤμελλε</em></strong></span> <span class='ocrx_word' id='word_1_103' title='bbox 291 1826 332 1891; x_wconf 87' lang='grc' dir='ltr'><strong><em>τδι</em></strong></span> <span class='ocrx_word' id='word_1_104' title='bbox 353 1828 521 1910; x_wconf 85' lang='grc' dir='ltr'><strong><em>πράγμαθ’</em></strong></span> <span class='ocrx_word' id='word_1_105' title='bbox 544 1824 637 1906; x_wconf 71' lang='grc' dir='ltr'><strong><em>ἕξειν,</em></strong></span> <span class='ocrx_word' id='word_1_106' title='bbox 661 1826 723 1890; x_wconf 88' lang='grc' dir='ltr'><strong><em>όὺκ</em></strong></span> <span class='ocrx_word' id='word_1_107' title='bbox 746 1827 787 1891; x_wconf 82' lang='grc' dir='ltr'><strong><em>ἂν</em></strong></span> <span class='ocrx_word' id='word_1_108' title='bbox 807 1827 949 1911; x_wconf 75' lang='grc' dir='ltr'><strong><em>ἡγοῦμαι</em></strong></span> <span class='ocrx_word' id='word_1_109' title='bbox 966 1830 1134 1894; x_wconf 87' lang='grc' dir='ltr'><strong><em>δύνασθαι</em></strong></span> 
     </span>
    </p>

    <p class='ocr_par' dir='ltr' id='par_1_4' title="bbox 127 1926 1137 3672">
     <span class='ocr_line' id='line_1_16' title="bbox 127 1926 1133 2016; baseline 0.003 -22"><span class='ocrx_word' id='word_1_110' title='bbox 127 1941 264 2016; x_wconf 74' lang='grc' dir='ltr'><strong><em>εχεῖρου</em></strong></span> <span class='ocrx_word' id='word_1_111' title='bbox 286 1930 305 2012; x_wconf 77' lang='grc' dir='ltr'>ἢ</span> <span class='ocrx_word' id='word_1_112' title='bbox 328 1934 392 1994; x_wconf 86' lang='grc' dir='ltr'><strong><em>υὺν</em></strong></span> <span class='ocrx_word' id='word_1_113' title='bbox 413 1930 615 2012; x_wconf 72' lang='grc' dir='ltr'><strong><em>διατεθῆναι.</em></strong></span> <span class='ocrx_word' id='word_1_114' title='bbox 650 1929 753 1993; x_wconf 75' lang='grc' dir='ltr'><strong><em>πολλὰ</em></strong></span> <span class='ocrx_word' id='word_1_115' title='bbox 775 1930 835 2013; x_wconf 78' lang='grc' dir='ltr'><strong><em>μὲν</em></strong></span> <span class='ocrx_word' id='word_1_116' title='bbox 858 1926 920 1995; x_wconf 87' lang='grc' dir='ltr'><strong><em>οὑν</em></strong></span> <span class='ocrx_word' id='word_1_117' title='bbox 942 1934 1022 2008; x_wconf 75' lang='grc' dir='ltr'><strong><em>ἴσως</em></strong></span> <span class='ocrx_word' id='word_1_118' title='bbox 1044 1932 1133 1998; x_wconf 80' lang='grc' dir='ltr'><strong><em>ἐστίν</em></strong></span> 
     </span>
     <span class='ocr_line' id='line_1_17' title="bbox 159 2020 1133 2117; baseline 0 -18"><span class='ocrx_word' id='word_1_119' title='bbox 159 2038 247 2099; x_wconf 87' lang='grc' dir='ltr'><strong><em>αίτια</em></strong></span> <span class='ocrx_word' id='word_1_120' title='bbox 268 2034 404 2112; x_wconf 91' lang='grc' dir='ltr'><strong><em>τοὺτων,</em></strong></span> <span class='ocrx_word' id='word_1_121' title='bbox 426 2032 482 2095; x_wconf 82' lang='grc' dir='ltr'><strong><em>καί</em></strong></span> <span class='ocrx_word' id='word_1_122' title='bbox 505 2031 545 2095; x_wconf 87' lang='grc' dir='ltr'><strong><em>οὐ</em></strong></span> <span class='ocrx_word' id='word_1_123' title='bbox 568 2029 643 2117; x_wconf 88' lang='grc' dir='ltr'><strong><em>παρ’</em></strong></span> <span class='ocrx_word' id='word_1_124' title='bbox 669 2033 705 2097; x_wconf 80' lang='grc' dir='ltr'><strong><em>ἓν</em></strong></span> <span class='ocrx_word' id='word_1_125' title='bbox 727 2020 807 2097; x_wconf 81' lang='grc' dir='ltr'><strong><em>οὑδὲ</em></strong></span> <span class='ocrx_word' id='word_1_126' title='bbox 829 2035 881 2098; x_wconf 87' lang='grc' dir='ltr'><strong><em>δύ’</em></strong></span> <span class='ocrx_word' id='word_1_127' title='bbox 903 2036 950 2110; x_wconf 87' lang='grc' dir='ltr'><strong><em>είς</em></strong></span> <span class='ocrx_word' id='word_1_128' title='bbox 971 2045 1071 2100; x_wconf 83' lang='grc' dir='ltr'><strong><em>τοῦτο</em></strong></span> <span class='ocrx_word' id='word_1_129' title='bbox 1094 2038 1133 2101; x_wconf 81' lang='grc' dir='ltr'><strong><em>τά</em></strong></span> 
     </span>
     <span class='ocr_line' id='line_1_18' title="bbox 157 2135 1133 2223; baseline 0.001 -22"><span class='ocrx_word' id='word_1_130' title='bbox 157 2139 319 2222; x_wconf 87' lang='grc' dir='ltr'><strong><em>πράγματ’</em></strong></span> <span class='ocrx_word' id='word_1_131' title='bbox 336 2135 481 2220; x_wconf 84' lang='grc' dir='ltr'><strong><em>άφῖκται,</em></strong></span> <span class='ocrx_word' id='word_1_132' title='bbox 504 2136 643 2217; x_wconf 91' lang='grc' dir='ltr'><strong><em>μάλιστα</em></strong></span> <span class='ocrx_word' id='word_1_133' title='bbox 658 2136 698 2215; x_wconf 86' lang='grc' dir='ltr'><strong><em>δ’,</em></strong></span> <span class='ocrx_word' id='word_1_134' title='bbox 722 2139 825 2220; x_wconf 80' lang='grc' dir='ltr'><strong><em>ἄνπερ</em></strong></span> <span class='ocrx_word' id='word_1_135' title='bbox 841 2135 994 2220; x_wconf 75' lang='grc' dir='ltr'><strong><em>ἐξετάζητ’</em></strong></span> <span class='ocrx_word' id='word_1_136' title='bbox 1011 2138 1133 2223; x_wconf 84' lang='grc' dir='ltr'><strong><em>ὀρθῶς,</em></strong></span> 
     </span>
     <span class='ocr_line' id='line_1_19' title="bbox 157 2238 1135 2325; baseline -0.001 -18"><span class='ocrx_word' id='word_1_137' title='bbox 157 2241 319 2325; x_wconf 81' lang='grc' dir='ltr'><strong><em>εὑρήσετε,</em></strong></span> <span class='ocrx_word' id='word_1_138' title='bbox 354 2238 410 2303; x_wconf 87' lang='grc' dir='ltr'><strong><em>διδι</em></strong></span> <span class='ocrx_word' id='word_1_139' title='bbox 431 2240 508 2315; x_wconf 84' lang='grc' dir='ltr'><strong><em>τοὺς</em></strong></span> <span class='ocrx_word' id='word_1_140' title='bbox 524 2240 713 2323; x_wconf 79' lang='grc' dir='ltr'><strong><em>χαρίζεσθαι</em></strong></span> <span class='ocrx_word' id='word_1_141' title='bbox 735 2244 859 2323; x_wconf 81' lang='grc' dir='ltr'><strong><em>μᾶλλον</em></strong></span> <span class='ocrx_word' id='word_1_142' title='bbox 880 2240 899 2323; x_wconf 81' lang='grc' dir='ltr'><em>ἢ</em></span> <span class='ocrx_word' id='word_1_143' title='bbox 923 2241 963 2304; x_wconf 86' lang='grc' dir='ltr'><strong><em>τδι</em></strong></span> <span class='ocrx_word' id='word_1_144' title='bbox 985 2241 1135 2324; x_wconf 83' lang='grc' dir='ltr'><strong><em>βέλτιστα</em></strong></span> 
     </span>
     <span class='ocr_line' id='line_1_20' title="bbox 156 2340 1135 2429; baseline -0.001 -20"><span class='ocrx_word' id='word_1_145' title='bbox 156 2347 261 2427; x_wconf 82' lang='grc' dir='ltr'><strong><em>λέγειν</em></strong></span> <span class='ocrx_word' id='word_1_146' title='bbox 282 2344 574 2429; x_wconf 80' lang='grc' dir='ltr'><strong><em>προαιρουμένους,</em></strong></span> <span class='ocrx_word' id='word_1_147' title='bbox 598 2342 646 2406; x_wconf 81' lang='grc' dir='ltr'><strong><em>ιὺν</em></strong></span> <span class='ocrx_word' id='word_1_148' title='bbox 666 2365 750 2419; x_wconf 84' lang='grc' dir='ltr'><strong><em>τινες</em></strong></span> <span class='ocrx_word' id='word_1_149' title='bbox 765 2345 834 2427; x_wconf 73' lang='grc' dir='ltr'><strong><em>μέν,</em></strong></span> <span class='ocrx_word' id='word_1_150' title='bbox 859 2340 885 2407; x_wconf 78' lang='grc' dir='ltr'><strong>ὦ</strong></span> <span class='ocrx_word' id='word_1_151' title='bbox 907 2346 1025 2428; x_wconf 80' lang='grc' dir='ltr'><strong><em>ἄνδρες</em></strong></span> <span class='ocrx_word' id='word_1_152' title='bbox 1042 2341 1135 2429; x_wconf 84' lang='grc' dir='ltr'><strong><em>Ἀθη-</em></strong></span> 
     </span>
     <span class='ocr_line' id='line_1_21' title="bbox 157 2444 1137 2527; baseline -0.001 -14"><span class='ocrx_word' id='word_1_153' title='bbox 157 2458 256 2526; x_wconf 90' lang='grc' dir='ltr'><strong><em>ναῖοι,</em></strong></span> <span class='ocrx_word' id='word_1_154' title='bbox 280 2447 315 2509; x_wconf 77' lang='grc' dir='ltr'><strong><em>ἐν</em></strong></span> <span class='ocrx_word' id='word_1_155' title='bbox 338 2444 387 2521; x_wconf 79' lang='grc' dir='ltr'><strong><em>οῖς</em></strong></span> <span class='ocrx_word' id='word_1_156' title='bbox 409 2445 642 2527; x_wconf 77' lang='grc' dir='ltr'><strong><em>εὐδοκιμοῦσιν</em></strong></span> <span class='ocrx_word' id='word_1_157' title='bbox 658 2447 753 2509; x_wconf 81' lang='grc' dir='ltr'><strong><em>αὑτοὶ</em></strong></span> <span class='ocrx_word' id='word_1_158' title='bbox 768 2448 823 2510; x_wconf 83' lang='grc' dir='ltr'><strong><em>καί</em></strong></span> <span class='ocrx_word' id='word_1_159' title='bbox 838 2448 1008 2527; x_wconf 89' lang='grc' dir='ltr'><strong><em>δύνανται,</em></strong></span> <span class='ocrx_word' id='word_1_160' title='bbox 1032 2459 1137 2512; x_wconf 87' lang='grc' dir='ltr'><strong><em>ταῦτα</em></strong></span> 
     </span>
     <span class='ocr_line' id='line_1_22' title="bbox 158 2548 1137 2636; baseline -0.001 -21"><span class='ocrx_word' id='word_1_161' title='bbox 158 2553 375 2636; x_wconf 85' lang='grc' dir='ltr'><strong><em>φυλάττοντες</em></strong></span> <span class='ocrx_word' id='word_1_162' title='bbox 398 2548 557 2630; x_wconf 84' lang='grc' dir='ltr'><strong><em>οὐδεμίαν</em></strong></span> <span class='ocrx_word' id='word_1_163' title='bbox 577 2550 740 2632; x_wconf 79' lang='grc' dir='ltr'><strong><em>περὶτῶν</em></strong></span> <span class='ocrx_word' id='word_1_164' title='bbox 762 2552 946 2633; x_wconf 83' lang='grc' dir='ltr'><strong><em>μελλόντων</em></strong></span> <span class='ocrx_word' id='word_1_165' title='bbox 973 2552 1137 2634; x_wconf 89' lang='grc' dir='ltr'><strong><em>πρόνοιαν</em></strong></span> 
     </span>
     <span class='ocr_line' id='line_1_23' title="bbox 156 2653 1136 2740; baseline -0.003 -19"><span class='ocrx_word' id='word_1_166' title='bbox 156 2657 305 2740; x_wconf 82' lang='grc' dir='ltr'><strong><em>ἔχουσιν,</em></strong></span> <span class='ocrx_word' id='word_1_167' title='bbox 341 2653 443 2736; x_wconf 80' lang='grc' dir='ltr'><strong><em>ἕτεροι</em></strong></span> <span class='ocrx_word' id='word_1_168' title='bbox 473 2653 510 2716; x_wconf 79' lang='grc' dir='ltr'><strong><em>δὲ</em></strong></span> <span class='ocrx_word' id='word_1_169' title='bbox 537 2655 615 2728; x_wconf 87' lang='grc' dir='ltr'><strong><em>τοὺς</em></strong></span> <span class='ocrx_word' id='word_1_170' title='bbox 643 2653 696 2717; x_wconf 80' lang='grc' dir='ltr'><strong><em>ἐπὶ</em></strong></span> <span class='ocrx_word' id='word_1_171' title='bbox 722 2666 791 2731; x_wconf 91' lang='grc' dir='ltr'><strong><em>τοῖς</em></strong></span> <span class='ocrx_word' id='word_1_172' title='bbox 822 2659 1012 2740; x_wconf 85' lang='grc' dir='ltr'><strong><em>πράγμασιν</em></strong></span> <span class='ocrx_word' id='word_1_173' title='bbox 1040 2658 1136 2733; x_wconf 87' lang='grc' dir='ltr'><strong><em>ὄντας</em></strong></span> 
     </span>
     <span class='ocr_line' id='line_1_24' title="bbox 157 2756 1134 2840; baseline 0.001 -17"><span class='ocrx_word' id='word_1_174' title='bbox 157 2760 343 2840; x_wconf 83' lang='grc' dir='ltr'><strong><em>αἰτιώμενοι</em></strong></span> <span class='ocrx_word' id='word_1_175' title='bbox 370 2757 425 2818; x_wconf 81' lang='grc' dir='ltr'><strong><em>καί</em></strong></span> <span class='ocrx_word' id='word_1_176' title='bbox 448 2756 675 2838; x_wconf 84' lang='grc' dir='ltr'><strong><em>διαβάλλοντες</em></strong></span> <span class='ocrx_word' id='word_1_177' title='bbox 705 2759 806 2822; x_wconf 80' lang='grc' dir='ltr'><strong><em>οὐδὲν</em></strong></span> <span class='ocrx_word' id='word_1_178' title='bbox 833 2762 910 2822; x_wconf 83' lang='grc' dir='ltr'><strong><em>ἄλλο</em></strong></span> <span class='ocrx_word' id='word_1_179' title='bbox 937 2759 1134 2840; x_wconf 76' lang='grc' dir='ltr'><strong><em>ποιοῦσινῆ</em></strong></span> 
     </span>
     <span class='ocr_line' id='line_1_25' title="bbox 158 2858 1136 2945; baseline -0.001 -19"><span class='ocrx_word' id='word_1_180' title='bbox 158 2866 246 2939; x_wconf 73' lang='grc' dir='ltr'><strong><em>ὅπως</em></strong></span> <span class='ocrx_word' id='word_1_181' title='bbox 272 2858 292 2943; x_wconf 79' lang='grc' dir='ltr'><em>ἡ</em></span> <span class='ocrx_word' id='word_1_182' title='bbox 321 2860 413 2934; x_wconf 86' lang='grc' dir='ltr'><strong><em>πόλις</em></strong></span> <span class='ocrx_word' id='word_1_183' title='bbox 445 2862 522 2943; x_wconf 86' lang='grc' dir='ltr'><strong><em>παρ’</em></strong></span> <span class='ocrx_word' id='word_1_184' title='bbox 552 2861 653 2944; x_wconf 78' lang='grc' dir='ltr'><strong><em>αὑτῆς</em></strong></span> <span class='ocrx_word' id='word_1_185' title='bbox 686 2862 781 2943; x_wconf 86' lang='grc' dir='ltr'><strong><em>δίκην</em></strong></span> <span class='ocrx_word' id='word_1_186' title='bbox 814 2861 950 2943; x_wconf 75' lang='grc' dir='ltr'><strong><em>λήψεται</em></strong></span> <span class='ocrx_word' id='word_1_187' title='bbox 978 2861 1037 2929; x_wconf 79' lang='grc' dir='ltr'><strong><em>καὶ,</em></strong></span> <span class='ocrx_word' id='word_1_188' title='bbox 1062 2863 1136 2945; x_wconf 81' lang='grc' dir='ltr'><strong><em>περὶ</em></strong></span> 
     </span>
     <span class='ocr_line' id='line_1_26' title="bbox 156 2964 1135 3053; baseline -0.005 -19"><span class='ocrx_word' id='word_1_189' title='bbox 156 2973 244 3034; x_wconf 83' lang='grc' dir='ltr'><strong><em>τοῦτ’</em></strong></span> <span class='ocrx_word' id='word_1_190' title='bbox 256 2970 355 3049; x_wconf 82' lang='grc' dir='ltr'><strong><em>ἔσται,</em></strong></span> <span class='ocrx_word' id='word_1_191' title='bbox 374 2969 524 3053; x_wconf 78' lang='grc' dir='ltr'><strong><em>Φιλίππω</em></strong></span> <span class='ocrx_word' id='word_1_192' title='bbox 547 2964 716 3043; x_wconf 78' lang='grc' dir='ltr'><strong><em>δ’ἐξέσται</em></strong></span> <span class='ocrx_word' id='word_1_193' title='bbox 738 2966 793 3028; x_wconf 83' lang='grc' dir='ltr'><strong><em>καί</em></strong></span> <span class='ocrx_word' id='word_1_194' title='bbox 815 2967 968 3049; x_wconf 86' lang='grc' dir='ltr'><strong><em>πράττειν</em></strong></span> <span class='ocrx_word' id='word_1_195' title='bbox 990 2966 1046 3027; x_wconf 85' lang='grc' dir='ltr'><strong><em>καὶ</em></strong></span> <span class='ocrx_word' id='word_1_196' title='bbox 1067 2987 1135 3029; x_wconf 89' lang='grc' dir='ltr'><strong><em>ποι·</em></strong></span> 
     </span>
     <span class='ocr_line' id='line_1_27' title="bbox 127 3070 1136 3156; baseline -0.005 -18"><span class='ocrx_word' id='word_1_197' title='bbox 127 3084 204 3137; x_wconf 71' lang='grc' dir='ltr'><strong><em>θεῖν</em></strong></span> <span class='ocrx_word' id='word_1_198' title='bbox 226 3075 246 3137; x_wconf 86' lang='grc' dir='ltr'><strong><em>ό</em></strong></span> <span class='ocrx_word' id='word_1_199' title='bbox 266 3097 297 3138; x_wconf 87' lang='grc' dir='ltr'><strong><em>τι</em></strong></span> <span class='ocrx_word' id='word_1_200' title='bbox 317 3074 478 3156; x_wconf 88' lang='grc' dir='ltr'><strong><em>βούλεται.</em></strong></span> <span class='ocrx_word' id='word_1_201' title='bbox 513 3070 547 3135; x_wconf 81' lang='grc' dir='ltr'><strong><em>αλ</em></strong></span> <span class='ocrx_word' id='word_1_202' title='bbox 568 3070 604 3134; x_wconf 79' lang='grc' dir='ltr'><strong><em>δὲ</em></strong></span> <span class='ocrx_word' id='word_1_203' title='bbox 627 3077 776 3133; x_wconf 83' lang='grc' dir='ltr'><strong><em>τοιαῦται</em></strong></span> <span class='ocrx_word' id='word_1_204' title='bbox 798 3071 956 3133; x_wconf 90' lang='grc' dir='ltr'><strong><em>πολιτεῖαι</em></strong></span> <span class='ocrx_word' id='word_1_205' title='bbox 980 3070 1136 3151; x_wconf 81' lang='grc' dir='ltr'><strong><em>συνήθεις</em></strong></span> 
     </span>
     <span class='ocr_line' id='line_1_28' title="bbox 157 3169 1135 3260; baseline -0.006 -19"><span class='ocrx_word' id='word_1_206' title='bbox 157 3179 217 3260; x_wconf 79' lang='grc' dir='ltr'><strong><em>μέν</em></strong></span> <span class='ocrx_word' id='word_1_207' title='bbox 243 3179 326 3242; x_wconf 88' lang='grc' dir='ltr'><strong><em>είσιν</em></strong></span> <span class='ocrx_word' id='word_1_208' title='bbox 351 3177 447 3259; x_wconf 88' lang='grc' dir='ltr'><strong><em>ὑμῖν,</em></strong></span> <span class='ocrx_word' id='word_1_209' title='bbox 480 3178 582 3238; x_wconf 89' lang='grc' dir='ltr'><strong><em>αίτιαι</em></strong></span> <span class='ocrx_word' id='word_1_210' title='bbox 612 3174 649 3238; x_wconf 77' lang='grc' dir='ltr'><strong><em>δὲ</em></strong></span> <span class='ocrx_word' id='word_1_211' title='bbox 677 3181 743 3237; x_wconf 77' lang='grc' dir='ltr'><strong><em>τῶν</em></strong></span> <span class='ocrx_word' id='word_1_212' title='bbox 770 3183 890 3237; x_wconf 82' lang='grc' dir='ltr'><strong><em>κακῶν.</em></strong></span> <span class='ocrx_word' id='word_1_213' title='bbox 936 3171 1014 3250; x_wconf 81' lang='grc' dir='ltr'><strong><em>άξιῶ</em></strong></span> <span class='ocrx_word' id='word_1_214' title='bbox 1038 3173 1079 3253; x_wconf 79' lang='grc' dir='ltr'><strong><em>δ’,</em></strong></span> <span class='ocrx_word' id='word_1_215' title='bbox 1110 3169 1135 3236; x_wconf 81' lang='grc' dir='ltr'><strong><em>ὦ</em></strong></span> 
     </span>
     <span class='ocr_line' id='line_1_29' title="bbox 159 3276 1136 3365; baseline -0.003 -22"><span class='ocrx_word' id='word_1_216' title='bbox 159 3282 277 3365; x_wconf 80' lang='grc' dir='ltr'><strong><em>ἄνδρες</em></strong></span> <span class='ocrx_word' id='word_1_217' title='bbox 288 3276 468 3362; x_wconf 85' lang='grc' dir='ltr'><strong><em>Ἀθηναῖοι,</em></strong></span> <span class='ocrx_word' id='word_1_218' title='bbox 492 3280 534 3341; x_wconf 83' lang='grc' dir='ltr'><strong><em>ἄν</em></strong></span> <span class='ocrx_word' id='word_1_219' title='bbox 550 3301 580 3341; x_wconf 90' lang='grc' dir='ltr'><strong><em>τι</em></strong></span> <span class='ocrx_word' id='word_1_220' title='bbox 602 3286 668 3341; x_wconf 79' lang='grc' dir='ltr'><strong><em>τῶν</em></strong></span> <span class='ocrx_word' id='word_1_221' title='bbox 692 3276 826 3358; x_wconf 84' lang='grc' dir='ltr'><strong><em>ἀληθῶν</em></strong></span> <span class='ocrx_word' id='word_1_222' title='bbox 847 3276 928 3358; x_wconf 79' lang='grc' dir='ltr'><strong><em>μετά</em></strong></span> <span class='ocrx_word' id='word_1_223' title='bbox 949 3278 1136 3359; x_wconf 87' lang='grc' dir='ltr'><strong><em>παρρησίας</em></strong></span> 
     </span>
     <span class='ocr_line' id='line_1_30' title="bbox 157 3377 1136 3467; baseline -0.007 -19"><span class='ocrx_word' id='word_1_224' title='bbox 157 3386 255 3467; x_wconf 82' lang='grc' dir='ltr'><strong><em>λέγω,</em></strong></span> <span class='ocrx_word' id='word_1_225' title='bbox 288 3384 452 3466; x_wconf 92' lang='grc' dir='ltr'><strong><em>μηδεμίαν</em></strong></span> <span class='ocrx_word' id='word_1_226' title='bbox 485 3405 540 3465; x_wconf 88' lang='grc' dir='ltr'><strong><em>μοι</em></strong></span> <span class='ocrx_word' id='word_1_227' title='bbox 566 3382 632 3444; x_wconf 68' lang='grc' dir='ltr'><strong><em>’διά</em></strong></span> <span class='ocrx_word' id='word_1_228' title='bbox 665 3390 762 3445; x_wconf 84' lang='grc' dir='ltr'><strong><em>τοῦτο</em></strong></span> <span class='ocrx_word' id='word_1_229' title='bbox 795 3383 871 3463; x_wconf 90' lang='grc' dir='ltr'><strong><em>παρ’</em></strong></span> <span class='ocrx_word' id='word_1_230' title='bbox 905 3377 999 3461; x_wconf 80' lang='grc' dir='ltr'><strong><em>ὑμῶν</em></strong></span> <span class='ocrx_word' id='word_1_231' title='bbox 1031 3378 1136 3462; x_wconf 76' lang='grc' dir='ltr'><strong><em>ὀργὴν</em></strong></span> 
     </span>
     <span class='ocr_line' id='line_1_31' title="bbox 156 3481 1135 3570; baseline -0.003 -18"><span class='ocrx_word' id='word_1_232' title='bbox 156 3489 319 3570; x_wconf 86' lang='grc' dir='ltr'><strong><em>γενέσθαι.</em></strong></span> <span class='ocrx_word' id='word_1_233' title='bbox 350 3497 494 3550; x_wconf 85' lang='grc' dir='ltr'><strong><em>σκοπεῖτε</em></strong></span> <span class='ocrx_word' id='word_1_234' title='bbox 521 3486 584 3569; x_wconf 79' lang='grc' dir='ltr'><strong><em>γάρ</em></strong></span> <span class='ocrx_word' id='word_1_235' title='bbox 613 3482 683 3547; x_wconf 83' lang='grc' dir='ltr'><strong><em>ὡδί.</em></strong></span> <span class='ocrx_word' id='word_1_236' title='bbox 728 3481 820 3566; x_wconf 80' lang='grc' dir='ltr'><strong><em>ὑμεῖς</em></strong></span> <span class='ocrx_word' id='word_1_237' title='bbox 852 3482 912 3565; x_wconf 82' lang='grc' dir='ltr'><strong><em>την</em></strong></span> <span class='ocrx_word' id='word_1_238' title='bbox 944 3487 1135 3568; x_wconf 89' lang='grc' dir='ltr'><strong><em>παρρησίαν</em></strong></span> 
     </span>
     <span class='ocr_line' id='line_1_32' title="bbox 158 3582 1136 3672; baseline -0.001 -19"><span class='ocrx_word' id='word_1_239' title='bbox 158 3589 211 3653; x_wconf 81' lang='grc' dir='ltr'><strong><em>ἐπὶ</em></strong></span> <span class='ocrx_word' id='word_1_240' title='bbox 236 3589 296 3672; x_wconf 68' lang='grc' dir='ltr'><strong><em>μὲν</em></strong></span> <span class='ocrx_word' id='word_1_241' title='bbox 325 3597 391 3653; x_wconf 80' lang='grc' dir='ltr'><strong><em>τῶν</em></strong></span> <span class='ocrx_word' id='word_1_242' title='bbox 421 3591 509 3652; x_wconf 84' lang='grc' dir='ltr'><strong><em>άλων</em></strong></span> <span class='ocrx_word' id='word_1_243' title='bbox 540 3587 628 3649; x_wconf 87' lang='grc' dir='ltr'><strong><em>οὑτω</em></strong></span> <span class='ocrx_word' id='word_1_244' title='bbox 654 3586 769 3667; x_wconf 73' lang='grc' dir='ltr'><strong><em>κοινὴν</em></strong></span> <span class='ocrx_word' id='word_1_245' title='bbox 801 3589 912 3650; x_wconf 84' lang='grc' dir='ltr'><strong><em>οίεσθε</em></strong></span> <span class='ocrx_word' id='word_1_246' title='bbox 945 3585 1016 3650; x_wconf 86' lang='grc' dir='ltr'><strong><em>δεῖν</em></strong></span> <span class='ocrx_word' id='word_1_247' title='bbox 1051 3582 1136 3652; x_wconf 77' lang='grc' dir='ltr'><strong><em>εἶναι</em></strong></span> 
     </span>
    </p>
   </div>
   <div class='ocr_carea' id='block_1_4' title="bbox 0 0 1250 3992">
    <p class='ocr_par' dir='ltr' id='par_1_5' title="bbox 0 0 1250 3992">
     <span class='ocr_line' id='line_1_33' title="bbox 0 0 1250 3992; baseline 0 0"><span class='ocrx_word' id='word_1_248' title='bbox 0 0 1250 3992; x_wconf 95' lang='lat' dir='ltr'><strong><em> </em></strong></span> 
     </span>
    </p>
   </div>
  </div>
 </body>
</html>
