<?xml version="1.0" encoding="UTF-8"?>
<!DOCTYPE html PUBLIC "-//W3C//DTD XHTML 1.0 Transitional//EN"
    "http://www.w3.org/TR/xhtml1/DTD/xhtml1-transitional.dtd">
<html xmlns="http://www.w3.org/1999/xhtml" xml:lang="en" lang="en">
 <head>
  <title>
</title>
<meta http-equiv="Content-Type" content="text/html;charset=utf-8" />
  <meta name='ocr-system' content='tesseract 3.04.00' />
  <meta name='ocr-capabilities' content='ocr_page ocr_carea ocr_par ocr_line ocrx_word'/>
</head>
<body>
  <div class='ocr_page' id='page_1' title='image "./orationesselect00demogoog_0049.png"; bbox 0 0 2484 3992; ppageno 0'>
   <div class='ocr_carea' id='block_1_1' title="bbox 404 203 1073 268">
    <p class='ocr_par' dir='ltr' id='par_1_1' title="bbox 404 203 1073 268">
     <span class='ocr_line' id='line_1_1' title="bbox 404 203 1073 268; baseline -0.001 -2"><span class='ocrx_word' id='word_1_1' title='bbox 404 206 704 267; x_wconf 73' lang='grc' dir='ltr'><em>ΟΛῬΝΘΙΑΚΟΣ</em></span> <span class='ocrx_word' id='word_1_2' title='bbox 723 210 764 268; x_wconf 88' lang='grc' dir='ltr'><strong><em>Α.</em></strong></span> <span class='ocrx_word' id='word_1_3' title='bbox 1031 203 1073 266; x_wconf 81' lang='lat'><strong><em>25</em></strong></span> 
     </span>
    </p>
   </div>
   <div class='ocr_carea' id='block_1_2' title="bbox 84 391 1117 2650">
    <p class='ocr_par' dir='ltr' id='par_1_2' title="bbox 84 391 1117 2028">
     <span class='ocr_line' id='line_1_2' title="bbox 84 391 1074 476; baseline -0.002 -18"><span class='ocrx_word' id='word_1_4' title='bbox 84 399 172 476; x_wconf 65' lang='grc' dir='ltr'><strong><em>μάθ’</em></strong></span> <span class='ocrx_word' id='word_1_5' title='bbox 196 394 285 475; x_wconf 86' lang='grc' dir='ltr'><strong><em>ὑμῖν,</em></strong></span> <span class='ocrx_word' id='word_1_6' title='bbox 316 392 404 457; x_wconf 78' lang='grc' dir='ltr'><strong><em>ἔστιν</em></strong></span> <span class='ocrx_word' id='word_1_7' title='bbox 437 391 485 456; x_wconf 73' lang='grc' dir='ltr'><strong><em>ὅτ’</em></strong></span> <span class='ocrx_word' id='word_1_8' title='bbox 509 392 621 457; x_wconf 81' lang='grc' dir='ltr'><strong><em>οὐδενί</em></strong></span> <span class='ocrx_word' id='word_1_9' title='bbox 653 401 720 456; x_wconf 87' lang='grc' dir='ltr'><strong><em>τῶν</em></strong></span> <span class='ocrx_word' id='word_1_10' title='bbox 752 395 859 456; x_wconf 82' lang='grc' dir='ltr'><strong><em>ἀλλων</em></strong></span> <span class='ocrx_word' id='word_1_11' title='bbox 887 394 1074 476; x_wconf 81' lang='grc' dir='ltr'><strong><em>ἀνθρώπων</em></strong></span> 
     </span>
     <span class='ocr_line' id='line_1_3' title="bbox 85 495 1073 581; baseline 0 -20"><span class='ocrx_word' id='word_1_12' title='bbox 85 498 323 581; x_wconf 83' lang='grc' dir='ltr'><strong><em>στρατιωτικά·</em></strong></span> <span class='ocrx_word' id='word_1_13' title='bbox 346 506 450 560; x_wconf 83' lang='grc' dir='ltr'><strong><em>ταῦτα</em></strong></span> <span class='ocrx_word' id='word_1_14' title='bbox 472 496 610 578; x_wconf 79' lang='grc' dir='ltr'><strong><em>δ’ὑμεῖς</em></strong></span> <span class='ocrx_word' id='word_1_15' title='bbox 626 497 730 572; x_wconf 80' lang='grc' dir='ltr'><strong><em>οὕτως</em></strong></span> <span class='ocrx_word' id='word_1_16' title='bbox 753 495 797 572; x_wconf 85' lang='grc' dir='ltr'><strong><em>ώς</em></strong></span> <span class='ocrx_word' id='word_1_17' title='bbox 817 498 975 579; x_wconf 82' lang='grc' dir='ltr'><strong><em>βούλεσθε</em></strong></span> <span class='ocrx_word' id='word_1_18' title='bbox 997 500 1073 579; x_wconf 91' lang='grc' dir='ltr'><strong><em>λαμ-</em></strong></span> 
     </span>
     <span class='ocr_line' id='line_1_4' title="bbox 85 596 1072 684; baseline 0.001 -21"><span class='ocrx_word' id='word_1_19' title='bbox 85 603 217 684; x_wconf 88' lang='grc' dir='ltr'><strong><em>βάνετε.</em></strong></span> <span class='ocrx_word' id='word_1_20' title='bbox 263 601 292 663; x_wconf 89' lang='grc' dir='ltr'><strong><em>εί</em></strong></span> <span class='ocrx_word' id='word_1_21' title='bbox 321 599 382 681; x_wconf 74' lang='grc' dir='ltr'><strong><em>μέν</em></strong></span> <span class='ocrx_word' id='word_1_22' title='bbox 403 596 465 663; x_wconf 77' lang='grc' dir='ltr'><strong><em>οὖν</em></strong></span> <span class='ocrx_word' id='word_1_23' title='bbox 486 610 591 664; x_wconf 83' lang='grc' dir='ltr'><strong><em>ταῦτα</em></strong></span> <span class='ocrx_word' id='word_1_24' title='bbox 612 609 681 675; x_wconf 89' lang='grc' dir='ltr'><strong><em>τοῖς</em></strong></span> <span class='ocrx_word' id='word_1_25' title='bbox 707 601 974 683; x_wconf 72' lang='grc' dir='ltr'><strong><em>στρατευομένοις</em></strong></span> <span class='ocrx_word' id='word_1_26' title='bbox 997 601 1072 664; x_wconf 93' lang='grc' dir='ltr'><strong><em>ἀπο-</em></strong></span> 
     </span>
     <span class='ocr_line' id='line_1_5' title="bbox 86 697 1073 786; baseline -0.001 -19"><span class='ocrx_word' id='word_1_27' title='bbox 86 705 224 782; x_wconf 86' lang='grc' dir='ltr'><strong><em>δώσετε,</em></strong></span> <span class='ocrx_word' id='word_1_28' title='bbox 247 697 382 778; x_wconf 81' lang='grc' dir='ltr'><strong><em>οὐδενὸς</em></strong></span> <span class='ocrx_word' id='word_1_29' title='bbox 404 703 484 784; x_wconf 81' lang='grc' dir='ltr'><strong><em>ὑμῖν</em></strong></span> <span class='ocrx_word' id='word_1_30' title='bbox 498 703 635 786; x_wconf 76' lang='grc' dir='ltr'><strong><em>προσδεῖ</em></strong></span> <span class='ocrx_word' id='word_1_31' title='bbox 649 704 766 785; x_wconf 80' lang='grc' dir='ltr'><strong><em>πόρου,</em></strong></span> <span class='ocrx_word' id='word_1_32' title='bbox 788 705 817 766; x_wconf 83' lang='grc' dir='ltr'><strong><em>εἰ</em></strong></span> <span class='ocrx_word' id='word_1_33' title='bbox 840 703 876 766; x_wconf 80' lang='grc' dir='ltr'><strong><em>δὲ</em></strong></span> <span class='ocrx_word' id='word_1_34' title='bbox 898 703 954 784; x_wconf 91' lang='grc' dir='ltr'><strong><em>μή,</em></strong></span> <span class='ocrx_word' id='word_1_35' title='bbox 976 721 1073 786; x_wconf 89' lang='grc' dir='ltr'><strong><em>προσ-</em></strong></span> 
     </span>
     <span class='ocr_line' id='line_1_6' title="bbox 87 802 1075 890; baseline -0.001 -20"><span class='ocrx_word' id='word_1_36' title='bbox 87 809 155 886; x_wconf 85' lang='grc' dir='ltr'><strong><em>δεῖ,</em></strong></span> <span class='ocrx_word' id='word_1_37' title='bbox 177 810 301 888; x_wconf 78' lang='grc' dir='ltr'><strong><em>μᾶλλον</em></strong></span> <span class='ocrx_word' id='word_1_38' title='bbox 323 807 350 870; x_wconf 80' lang='grc' dir='ltr'><strong><em>δ’</em></strong></span> <span class='ocrx_word' id='word_1_39' title='bbox 375 806 517 881; x_wconf 85' lang='grc' dir='ltr'><strong><em>ἀπαντος</em></strong></span> <span class='ocrx_word' id='word_1_40' title='bbox 539 806 630 871; x_wconf 85' lang='grc' dir='ltr'><strong><em>ἐνδεῖ</em></strong></span> <span class='ocrx_word' id='word_1_41' title='bbox 641 815 701 869; x_wconf 82' lang='grc' dir='ltr'><strong><em>τοῦ</em></strong></span> <span class='ocrx_word' id='word_1_42' title='bbox 718 809 833 889; x_wconf 86' lang='grc' dir='ltr'><strong><em>πόρου.</em></strong></span> <span class='ocrx_word' id='word_1_43' title='bbox 870 809 921 890; x_wconf 84' lang='grc' dir='ltr'><strong><em>,τί</em></strong></span> <span class='ocrx_word' id='word_1_44' title='bbox 934 802 1014 870; x_wconf 73' lang='grc' dir='ltr'><strong><em>οὖν“</em></strong></span> <span class='ocrx_word' id='word_1_45' title='bbox 1033 810 1075 869; x_wconf 89' lang='grc' dir='ltr'><strong><em>ἀν</em></strong></span> 
     </span>
     <span class='ocr_line' id='line_1_7' title="bbox 87 906 1074 994; baseline 0.001 -21"><span class='ocrx_word' id='word_1_46' title='bbox 87 932 142 985; x_wconf 90' lang='grc' dir='ltr'><strong><em>τις</em></strong></span> <span class='ocrx_word' id='word_1_47' title='bbox 165 912 251 973; x_wconf 80' lang='grc' dir='ltr'><strong><em>εἴποι</em></strong></span> <span class='ocrx_word' id='word_1_48' title='bbox 274 910 336 993; x_wconf 81' lang='grc' dir='ltr'><strong><em>,σὺ</em></strong></span> <span class='ocrx_word' id='word_1_49' title='bbox 357 910 493 993; x_wconf 91' lang='grc' dir='ltr'><strong><em>γράφεις</em></strong></span> <span class='ocrx_word' id='word_1_50' title='bbox 515 911 605 973; x_wconf 78' lang='grc' dir='ltr'><strong><em>ταῦτ’</em></strong></span> <span class='ocrx_word' id='word_1_51' title='bbox 629 906 715 974; x_wconf 78' lang='grc' dir='ltr'><strong><em>εἶναι</em></strong></span> <span class='ocrx_word' id='word_1_52' title='bbox 744 908 992 994; x_wconf 74' lang='grc' dir='ltr'><strong><em>στρατιώτικά,·“</em></strong></span> <span class='ocrx_word' id='word_1_53' title='bbox 1029 910 1074 992; x_wconf 87' lang='grc' dir='ltr'><strong><em>μά</em></strong></span> 
     </span>
     <span class='ocr_line' id='line_1_8' title="bbox 87 1011 1117 1098; baseline -0.003 -20"><span class='ocrx_word' id='word_1_54' title='bbox 87 1016 149 1078; x_wconf 79' lang='grc' dir='ltr'><strong><em>Δί</em></strong></span> <span class='ocrx_word' id='word_1_55' title='bbox 166 1013 227 1076; x_wconf 83' lang='grc' dir='ltr'><strong><em>οὐκ</em></strong></span> <span class='ocrx_word' id='word_1_56' title='bbox 242 1013 350 1095; x_wconf 74' lang='grc' dir='ltr'><strong><em>ἔγωγε.</em></strong></span> <span class='ocrx_word' id='word_1_57' title='bbox 380 1011 443 1095; x_wconf 83' lang='grc' dir='ltr'><strong><em>ἐγὼ</em></strong></span> <span class='ocrx_word' id='word_1_58' title='bbox 458 1013 517 1095; x_wconf 75' lang='grc' dir='ltr'><strong><em>μέν</em></strong></span> <span class='ocrx_word' id='word_1_59' title='bbox 539 1013 604 1098; x_wconf 79' lang='grc' dir='ltr'><strong><em>γὰρ</em></strong></span> <span class='ocrx_word' id='word_1_60' title='bbox 625 1012 767 1095; x_wconf 81' lang='grc' dir='ltr'><strong><em>ἡγοῦμαι</em></strong></span> <span class='ocrx_word' id='word_1_61' title='bbox 791 1015 989 1095; x_wconf 81' lang='grc' dir='ltr'><strong><em>στρατιώτας</em></strong></span> <span class='ocrx_word' id='word_1_62' title='bbox 1004 1012 1075 1076; x_wconf 90' lang='grc' dir='ltr'><strong><em>δεῖν</em></strong></span> <span class='ocrx_word' id='word_1_63' title='bbox 1084 1029 1117 1075; x_wconf 77' lang='lat'><strong><em>20</em></strong></span> 
     </span>
     <span class='ocr_line' id='line_1_9' title="bbox 88 1112 1075 1198; baseline -0.001 -18"><span class='ocrx_word' id='word_1_64' title='bbox 88 1121 404 1198; x_wconf 74' lang='grc' dir='ltr'><strong><em>κατασκευασθῆναι</em></strong></span> <span class='ocrx_word' id='word_1_65' title='bbox 415 1117 471 1180; x_wconf 82' lang='grc' dir='ltr'><strong><em>καλ</em></strong></span> <span class='ocrx_word' id='word_1_66' title='bbox 482 1112 568 1181; x_wconf 78' lang='grc' dir='ltr'><strong><em>εἶναι</em></strong></span> <span class='ocrx_word' id='word_1_67' title='bbox 584 1126 688 1180; x_wconf 86' lang='grc' dir='ltr'><strong><em>ταῦτα</em></strong></span> <span class='ocrx_word' id='word_1_68' title='bbox 701 1117 915 1197; x_wconf 79' lang='grc' dir='ltr'><strong><em>στρατιωτικὰ</em></strong></span> <span class='ocrx_word' id='word_1_69' title='bbox 929 1117 985 1179; x_wconf 85' lang='grc' dir='ltr'><strong><em>καλ</em></strong></span> <span class='ocrx_word' id='word_1_70' title='bbox 995 1117 1075 1197; x_wconf 90' lang='grc' dir='ltr'><strong><em>μίαν</em></strong></span> 
     </span>
     <span class='ocr_line' id='line_1_10' title="bbox 91 1217 1075 1304; baseline -0.004 -18"><span class='ocrx_word' id='word_1_71' title='bbox 91 1219 251 1297; x_wconf 82' lang='grc' dir='ltr'><strong><em>σύνταξιν</em></strong></span> <span class='ocrx_word' id='word_1_72' title='bbox 280 1217 447 1304; x_wconf 75' lang='grc' dir='ltr'><strong><em>εἶναιτὴν</em></strong></span> <span class='ocrx_word' id='word_1_73' title='bbox 475 1222 580 1303; x_wconf 76' lang='grc' dir='ltr'><strong><em>αὐτὴν</em></strong></span> <span class='ocrx_word' id='word_1_74' title='bbox 600 1231 662 1285; x_wconf 85' lang='grc' dir='ltr'><strong><em>τοῦ</em></strong></span> <span class='ocrx_word' id='word_1_75' title='bbox 683 1242 717 1285; x_wconf 90' lang='grc' dir='ltr'><strong><em>τε</em></strong></span> <span class='ocrx_word' id='word_1_76' title='bbox 739 1222 917 1303; x_wconf 75' lang='grc' dir='ltr'><strong><em>λαμβάνειν</em></strong></span> <span class='ocrx_word' id='word_1_77' title='bbox 939 1221 994 1283; x_wconf 81' lang='grc' dir='ltr'><strong><em>καὶ</em></strong></span> <span class='ocrx_word' id='word_1_78' title='bbox 1016 1229 1075 1282; x_wconf 88' lang='grc' dir='ltr'><strong><em>τοῦ</em></strong></span> 
     </span>
     <span class='ocr_line' id='line_1_11' title="bbox 89 1324 1076 1408; baseline -0.004 -20"><span class='ocrx_word' id='word_1_79' title='bbox 89 1334 202 1388; x_wconf 84' lang='grc' dir='ltr'><strong><em>ποιεῖν</em></strong></span> <span class='ocrx_word' id='word_1_80' title='bbox 216 1324 256 1388; x_wconf 87' lang='grc' dir='ltr'><strong><em>τά</em></strong></span> <span class='ocrx_word' id='word_1_81' title='bbox 272 1326 403 1388; x_wconf 81' lang='grc' dir='ltr'><strong><em>δέοντα·</em></strong></span> <span class='ocrx_word' id='word_1_82' title='bbox 426 1324 519 1406; x_wconf 82' lang='grc' dir='ltr'><strong><em>ὑμεῖς</em></strong></span> <span class='ocrx_word' id='word_1_83' title='bbox 533 1325 563 1386; x_wconf 88' lang='grc' dir='ltr'><strong><em>δ’</em></strong></span> <span class='ocrx_word' id='word_1_84' title='bbox 580 1325 668 1387; x_wconf 79' lang='grc' dir='ltr'><strong><em>οὕτω</em></strong></span> <span class='ocrx_word' id='word_1_85' title='bbox 682 1345 751 1400; x_wconf 81' lang='grc' dir='ltr'><strong><em>πῶς</em></strong></span> <span class='ocrx_word' id='word_1_86' title='bbox 773 1327 854 1388; x_wconf 88' lang='grc' dir='ltr'><strong><em>ἀνευ</em></strong></span> <span class='ocrx_word' id='word_1_87' title='bbox 876 1325 1076 1408; x_wconf 75' lang='grc' dir='ltr'><strong><em>πραγμάτων</em></strong></span> 
     </span>
     <span class='ocr_line' id='line_1_12' title="bbox 90 1424 1074 1512; baseline -0.003 -20"><span class='ocrx_word' id='word_1_88' title='bbox 90 1430 273 1512; x_wconf 81' lang='grc' dir='ltr'><strong><em>λαμβάνειν</em></strong></span> <span class='ocrx_word' id='word_1_89' title='bbox 287 1428 406 1504; x_wconf 83' lang='grc' dir='ltr'><strong><em>εἰςτὰς</em></strong></span> <span class='ocrx_word' id='word_1_90' title='bbox 424 1427 546 1509; x_wconf 76' lang='grc' dir='ltr'><strong><em>ἑορτάς.</em></strong></span> <span class='ocrx_word' id='word_1_91' title='bbox 582 1427 650 1491; x_wconf 78' lang='grc' dir='ltr'><strong><em>ἔστι</em></strong></span> <span class='ocrx_word' id='word_1_92' title='bbox 666 1427 706 1509; x_wconf 81' lang='grc' dir='ltr'><strong><em>δή</em></strong></span> <span class='ocrx_word' id='word_1_93' title='bbox 722 1429 849 1512; x_wconf 87' lang='grc' dir='ltr'><strong><em>λοιπόν,</em></strong></span> <span class='ocrx_word' id='word_1_94' title='bbox 871 1424 972 1509; x_wconf 91' lang='grc' dir='ltr'><strong><em>οίμαι,</em></strong></span> <span class='ocrx_word' id='word_1_95' title='bbox 994 1428 1074 1490; x_wconf 87' lang='grc' dir='ltr'><strong><em>πάν-</em></strong></span> 
     </span>
     <span class='ocr_line' id='line_1_13' title="bbox 90 1530 1074 1614; baseline -0.005 -18"><span class='ocrx_word' id='word_1_96' title='bbox 90 1556 154 1607; x_wconf 88' lang='grc' dir='ltr'><strong><em>τας</em></strong></span> <span class='ocrx_word' id='word_1_97' title='bbox 169 1532 340 1614; x_wconf 79' lang='grc' dir='ltr'><strong><em>εἰσφέρειν,</em></strong></span> <span class='ocrx_word' id='word_1_98' title='bbox 357 1530 398 1594; x_wconf 84' lang='grc' dir='ltr'><strong><em>ἀν</em></strong></span> <span class='ocrx_word' id='word_1_99' title='bbox 412 1533 541 1594; x_wconf 86' lang='grc' dir='ltr'><strong><em>πολλῶν</em></strong></span> <span class='ocrx_word' id='word_1_100' title='bbox 558 1532 627 1614; x_wconf 85' lang='grc' dir='ltr'><strong><em>δέη,</em></strong></span> <span class='ocrx_word' id='word_1_101' title='bbox 643 1533 756 1610; x_wconf 90' lang='grc' dir='ltr'><strong><em>πολλά,</em></strong></span> <span class='ocrx_word' id='word_1_102' title='bbox 772 1531 814 1593; x_wconf 85' lang='grc' dir='ltr'><strong><em>ἂν</em></strong></span> <span class='ocrx_word' id='word_1_103' title='bbox 825 1530 954 1612; x_wconf 79' lang='grc' dir='ltr'><strong><em>ὀλίγον,</em></strong></span> <span class='ocrx_word' id='word_1_104' title='bbox 970 1530 1074 1612; x_wconf 83' lang='grc' dir='ltr'><strong><em>ὀλίγα.</em></strong></span> 
     </span>
     <span class='ocr_line' id='line_1_14' title="bbox 92 1634 1077 1717; baseline -0.004 -18"><span class='ocrx_word' id='word_1_105' title='bbox 92 1637 151 1699; x_wconf 91' lang='grc' dir='ltr'><strong><em>δεῖ</em></strong></span> <span class='ocrx_word' id='word_1_106' title='bbox 163 1634 198 1697; x_wconf 82' lang='grc' dir='ltr'><strong><em>δέ</em></strong></span> <span class='ocrx_word' id='word_1_107' title='bbox 213 1636 396 1717; x_wconf 85' lang='grc' dir='ltr'><strong><em>χρημάτων,</em></strong></span> <span class='ocrx_word' id='word_1_108' title='bbox 418 1636 473 1697; x_wconf 81' lang='grc' dir='ltr'><strong><em>καὶ</em></strong></span> <span class='ocrx_word' id='word_1_109' title='bbox 490 1638 568 1698; x_wconf 89' lang='grc' dir='ltr'><strong><em>ἀνευ</em></strong></span> <span class='ocrx_word' id='word_1_110' title='bbox 583 1637 711 1698; x_wconf 81' lang='grc' dir='ltr'><strong><em>τούτων</em></strong></span> <span class='ocrx_word' id='word_1_111' title='bbox 727 1635 826 1698; x_wconf 78' lang='grc' dir='ltr'><strong><em>οὐδὲν</em></strong></span> <span class='ocrx_word' id='word_1_112' title='bbox 842 1634 908 1699; x_wconf 83' lang='grc' dir='ltr'><strong><em>ἔστι</em></strong></span> <span class='ocrx_word' id='word_1_113' title='bbox 923 1634 1077 1716; x_wconf 87' lang='grc' dir='ltr'><strong><em>γενέσθαι</em></strong></span> 
     </span>
     <span class='ocr_line' id='line_1_15' title="bbox 91 1738 1077 1820; baseline -0.004 -16"><span class='ocrx_word' id='word_1_114' title='bbox 91 1749 163 1804; x_wconf 86' lang='grc' dir='ltr'><strong><em>τών</em></strong></span> <span class='ocrx_word' id='word_1_115' title='bbox 196 1739 348 1803; x_wconf 87' lang='grc' dir='ltr'><strong><em>δεόντων.</em></strong></span> <span class='ocrx_word' id='word_1_116' title='bbox 391 1740 545 1820; x_wconf 86' lang='grc' dir='ltr'><strong><em>λέγουσιν</em></strong></span> <span class='ocrx_word' id='word_1_117' title='bbox 572 1738 609 1802; x_wconf 80' lang='grc' dir='ltr'><strong><em>δὲ</em></strong></span> <span class='ocrx_word' id='word_1_118' title='bbox 636 1739 693 1801; x_wconf 80' lang='grc' dir='ltr'><strong><em>καί</em></strong></span> <span class='ocrx_word' id='word_1_119' title='bbox 722 1741 839 1813; x_wconf 89' lang='grc' dir='ltr'><strong><em>ἀλλους</em></strong></span> <span class='ocrx_word' id='word_1_120' title='bbox 865 1739 957 1812; x_wconf 82' lang='grc' dir='ltr'><strong><em>τινὰς</em></strong></span> <span class='ocrx_word' id='word_1_121' title='bbox 985 1740 1077 1801; x_wconf 88' lang='grc' dir='ltr'><strong><em>ἀλλοι</em></strong></span> 
     </span>
     <span class='ocr_line' id='line_1_16' title="bbox 92 1839 1077 1925; baseline -0.001 -19"><span class='ocrx_word' id='word_1_122' title='bbox 92 1844 229 1925; x_wconf 83' lang='grc' dir='ltr'><strong><em>πόρους,</em></strong></span> <span class='ocrx_word' id='word_1_123' title='bbox 245 1840 292 1905; x_wconf 82' lang='grc' dir='ltr'><strong><em>ών</em></strong></span> <span class='ocrx_word' id='word_1_124' title='bbox 305 1840 410 1905; x_wconf 79' lang='grc' dir='ltr'><strong><em>ἕλεσθ’</em></strong></span> <span class='ocrx_word' id='word_1_125' title='bbox 423 1842 510 1917; x_wconf 80' lang='grc' dir='ltr'><strong><em>ὅστις</em></strong></span> <span class='ocrx_word' id='word_1_126' title='bbox 525 1842 604 1923; x_wconf 85' lang='grc' dir='ltr'><strong><em>ὑμῖν</em></strong></span> <span class='ocrx_word' id='word_1_127' title='bbox 620 1842 801 1925; x_wconf 77' lang='grc' dir='ltr'><strong><em>συμφέρειν</em></strong></span> <span class='ocrx_word' id='word_1_128' title='bbox 816 1842 922 1905; x_wconf 85' lang='grc' dir='ltr'><strong><em>δοκεῖ·</em></strong></span> <span class='ocrx_word' id='word_1_129' title='bbox 945 1841 1002 1904; x_wconf 82' lang='grc' dir='ltr'><strong><em>καί</em></strong></span> <span class='ocrx_word' id='word_1_130' title='bbox 1016 1839 1077 1915; x_wconf 77' lang='grc' dir='ltr'><strong><em>ἔοις</em></strong></span> 
     </span>
     <span class='ocr_line' id='line_1_17' title="bbox 94 1945 864 2028; baseline -0.001 -18"><span class='ocrx_word' id='word_1_131' title='bbox 94 1947 165 2010; x_wconf 81' lang='grc' dir='ltr'><strong><em>ἐστὶ</em></strong></span> <span class='ocrx_word' id='word_1_132' title='bbox 187 1946 308 2028; x_wconf 88' lang='grc' dir='ltr'><strong><em>καιρός,</em></strong></span> <span class='ocrx_word' id='word_1_133' title='bbox 333 1945 545 2027; x_wconf 78' lang='grc' dir='ltr'><strong><em>ἀντιλάβεσθε</em></strong></span> <span class='ocrx_word' id='word_1_134' title='bbox 567 1954 635 2008; x_wconf 86' lang='grc' dir='ltr'><strong><em>τῶν</em></strong></span> <span class='ocrx_word' id='word_1_135' title='bbox 654 1946 864 2028; x_wconf 80' lang='grc' dir='ltr'><strong><em>πραγμάτων.</em></strong></span> 
     </span>
    </p>

    <p class='ocr_par' dir='ltr' id='par_1_3' title="bbox 94 2045 1117 2650">
     <span class='ocr_line' id='line_1_18' title="bbox 197 2045 1117 2131; baseline -0.004 -19"><span class='ocrx_word' id='word_1_136' title='bbox 197 2045 306 2125; x_wconf 78' lang='grc' dir='ltr'><strong><em>’Λξιον</em></strong></span> <span class='ocrx_word' id='word_1_137' title='bbox 321 2049 350 2111; x_wconf 90' lang='grc' dir='ltr'><strong><em>δ’</em></strong></span> <span class='ocrx_word' id='word_1_138' title='bbox 374 2046 605 2131; x_wconf 79' lang='grc' dir='ltr'><strong><em>ἐνθυμηθῆναι</em></strong></span> <span class='ocrx_word' id='word_1_139' title='bbox 619 2049 676 2111; x_wconf 81' lang='grc' dir='ltr'><strong><em>καὶ</em></strong></span> <span class='ocrx_word' id='word_1_140' title='bbox 697 2050 893 2130; x_wconf 89' lang='grc' dir='ltr'><strong><em>λογίσασθαι</em></strong></span> <span class='ocrx_word' id='word_1_141' title='bbox 914 2049 956 2112; x_wconf 82' lang='grc' dir='ltr'><strong><em>τὰ</em></strong></span> <span class='ocrx_word' id='word_1_142' title='bbox 977 2049 1076 2130; x_wconf 91' lang='grc' dir='ltr'><strong><em>πράγ-</em></strong></span> <span class='ocrx_word' id='word_1_143' title='bbox 1086 2062 1117 2109; x_wconf 80' lang='lat'><strong><em>21</em></strong></span> 
     </span>
     <span class='ocr_line' id='line_1_19' title="bbox 94 2139 1078 2237; baseline 0 -22"><span class='ocrx_word' id='word_1_144' title='bbox 94 2156 170 2235; x_wconf 88' lang='grc' dir='ltr'><strong><em>ματ’</em></strong></span> <span class='ocrx_word' id='word_1_145' title='bbox 186 2151 222 2216; x_wconf 82' lang='grc' dir='ltr'><strong><em>ἐν</em></strong></span> <span class='ocrx_word' id='word_1_146' title='bbox 240 2139 266 2237; x_wconf 73' lang='grc' dir='ltr'><em>ᾧ</em></span> <span class='ocrx_word' id='word_1_147' title='bbox 281 2152 480 2233; x_wconf 72' lang='grc' dir='ltr'><strong><em>καθέστηκεν</em></strong></span> <span class='ocrx_word' id='word_1_148' title='bbox 502 2152 576 2215; x_wconf 81' lang='grc' dir='ltr'><strong><em>νυνὶ</em></strong></span> <span class='ocrx_word' id='word_1_149' title='bbox 593 2152 634 2215; x_wconf 79' lang='grc' dir='ltr'><strong><em>τὰ</em></strong></span> <span class='ocrx_word' id='word_1_150' title='bbox 653 2154 828 2215; x_wconf 88' lang='grc' dir='ltr'><strong><em>Φιλίππου.</em></strong></span> <span class='ocrx_word' id='word_1_151' title='bbox 852 2154 929 2215; x_wconf 84' lang='grc' dir='ltr'><strong><em>οὔτε</em></strong></span> <span class='ocrx_word' id='word_1_152' title='bbox 944 2154 1017 2234; x_wconf 91' lang='grc' dir='ltr'><strong><em>γάρ,</em></strong></span> <span class='ocrx_word' id='word_1_153' title='bbox 1034 2149 1078 2226; x_wconf 80' lang='grc' dir='ltr'><strong><em>ὡς</em></strong></span> 
     </span>
     <span class='ocr_line' id='line_1_20' title="bbox 94 2254 1079 2337; baseline -0.001 -17"><span class='ocrx_word' id='word_1_154' title='bbox 94 2259 191 2321; x_wconf 88' lang='grc' dir='ltr'><strong><em>δοκεῖ</em></strong></span> <span class='ocrx_word' id='word_1_155' title='bbox 210 2255 265 2318; x_wconf 85' lang='grc' dir='ltr'><strong><em>καλ</em></strong></span> <span class='ocrx_word' id='word_1_156' title='bbox 280 2255 393 2337; x_wconf 86' lang='grc' dir='ltr'><strong><em>φήσειέ</em></strong></span> <span class='ocrx_word' id='word_1_157' title='bbox 407 2276 455 2329; x_wconf 91' lang='grc' dir='ltr'><strong><em>τις</em></strong></span> <span class='ocrx_word' id='word_1_158' title='bbox 471 2254 512 2317; x_wconf 83' lang='grc' dir='ltr'><strong><em>ἂν</em></strong></span> <span class='ocrx_word' id='word_1_159' title='bbox 531 2255 575 2336; x_wconf 79' lang='grc' dir='ltr'><strong><em>μή</em></strong></span> <span class='ocrx_word' id='word_1_160' title='bbox 592 2263 723 2318; x_wconf 81' lang='grc' dir='ltr'><strong><em>σκοπῶν</em></strong></span> <span class='ocrx_word' id='word_1_161' title='bbox 745 2255 895 2337; x_wconf 76' lang='grc' dir='ltr'><strong><em>ἀκριβῶς,</em></strong></span> <span class='ocrx_word' id='word_1_162' title='bbox 917 2255 1079 2337; x_wconf 79' lang='grc' dir='ltr'><strong><em>εὐτρεπῶς</em></strong></span> 
     </span>
     <span class='ocr_line' id='line_1_21' title="bbox 95 2353 1079 2441; baseline -0.003 -18"><span class='ocrx_word' id='word_1_163' title='bbox 95 2359 169 2423; x_wconf 80' lang='grc' dir='ltr'><strong><em>οὐδ’</em></strong></span> <span class='ocrx_word' id='word_1_164' title='bbox 194 2356 237 2433; x_wconf 90' lang='grc' dir='ltr'><strong><em>ώς</em></strong></span> <span class='ocrx_word' id='word_1_165' title='bbox 259 2358 301 2422; x_wconf 82' lang='grc' dir='ltr'><strong><em>ἂν</em></strong></span> <span class='ocrx_word' id='word_1_166' title='bbox 322 2359 462 2421; x_wconf 83' lang='grc' dir='ltr'><strong><em>κάλλιστ’</em></strong></span> <span class='ocrx_word' id='word_1_167' title='bbox 487 2358 575 2441; x_wconf 72' lang='grc' dir='ltr'><strong><em>αὐτῷ</em></strong></span> <span class='ocrx_word' id='word_1_168' title='bbox 603 2357 644 2420; x_wconf 87' lang='grc' dir='ltr'><strong><em>τά</em></strong></span> <span class='ocrx_word' id='word_1_169' title='bbox 673 2358 807 2441; x_wconf 86' lang='grc' dir='ltr'><strong><em>παρόντ’</em></strong></span> <span class='ocrx_word' id='word_1_170' title='bbox 832 2357 910 2440; x_wconf 80' lang='grc' dir='ltr'><strong><em>ἔχει,</em></strong></span> <span class='ocrx_word' id='word_1_171' title='bbox 945 2353 1011 2419; x_wconf 82' lang='grc' dir='ltr'><strong><em>οὔτ’</em></strong></span> <span class='ocrx_word' id='word_1_172' title='bbox 1037 2357 1079 2420; x_wconf 83' lang='grc' dir='ltr'><strong><em>ἂν</em></strong></span> 
     </span>
     <span class='ocr_line' id='line_1_22' title="bbox 95 2459 1080 2543; baseline -0.003 -18"><span class='ocrx_word' id='word_1_173' title='bbox 95 2459 247 2543; x_wconf 79' lang='grc' dir='ltr'><strong><em>ἐξήνεγκε</em></strong></span> <span class='ocrx_word' id='word_1_174' title='bbox 267 2460 326 2524; x_wconf 87' lang='grc' dir='ltr'><strong><em>τὸν</em></strong></span> <span class='ocrx_word' id='word_1_175' title='bbox 339 2461 482 2542; x_wconf 85' lang='grc' dir='ltr'><strong><em>πόλεμόν</em></strong></span> <span class='ocrx_word' id='word_1_176' title='bbox 497 2481 575 2523; x_wconf 89' lang='grc' dir='ltr'><strong><em>ποτε</em></strong></span> <span class='ocrx_word' id='word_1_177' title='bbox 595 2469 716 2525; x_wconf 85' lang='grc' dir='ltr'><strong><em>τοῦτον</em></strong></span> <span class='ocrx_word' id='word_1_178' title='bbox 729 2459 861 2539; x_wconf 74' lang='grc' dir='ltr'><strong><em>ἐκεῖνος,</em></strong></span> <span class='ocrx_word' id='word_1_179' title='bbox 884 2460 913 2524; x_wconf 89' lang='grc' dir='ltr'><strong><em>εί</em></strong></span> <span class='ocrx_word' id='word_1_180' title='bbox 927 2462 1080 2542; x_wconf 85' lang='grc' dir='ltr'><strong><em>πολεμεῖν</em></strong></span> 
     </span>
     <span class='ocr_line' id='line_1_23' title="bbox 98 2560 1079 2650; baseline -0.003 -21"><span class='ocrx_word' id='word_1_181' title='bbox 98 2564 192 2650; x_wconf 79' lang='grc' dir='ltr'><strong><em>ώήθη</em></strong></span> <span class='ocrx_word' id='word_1_182' title='bbox 216 2564 344 2645; x_wconf 77' lang='grc' dir='ltr'><strong><em>δεήσειν</em></strong></span> <span class='ocrx_word' id='word_1_183' title='bbox 367 2563 485 2644; x_wconf 83' lang='grc' dir='ltr'><strong><em>αὐτόν,</em></strong></span> <span class='ocrx_word' id='word_1_184' title='bbox 515 2561 580 2627; x_wconf 88' lang='grc' dir='ltr'><strong><em>ἀλλ’</em></strong></span> <span class='ocrx_word' id='word_1_185' title='bbox 606 2562 650 2640; x_wconf 86' lang='grc' dir='ltr'><strong><em>ώς</em></strong></span> <span class='ocrx_word' id='word_1_186' title='bbox 672 2562 774 2627; x_wconf 79' lang='grc' dir='ltr'><strong><em>ἐπιών</em></strong></span> <span class='ocrx_word' id='word_1_187' title='bbox 796 2564 925 2628; x_wconf 78' lang='grc' dir='ltr'><strong><em>ἅπαντα</em></strong></span> <span class='ocrx_word' id='word_1_188' title='bbox 938 2560 1004 2626; x_wconf 91' lang='grc' dir='ltr'><strong><em>τότ’</em></strong></span> <span class='ocrx_word' id='word_1_189' title='bbox 1027 2565 1079 2644; x_wconf 89' lang='grc' dir='ltr'><strong><em>ήλ·</em></strong></span> 
     </span>
    </p>
   </div>
   <div class='ocr_carea' id='block_1_3' title="bbox 95 2656 1122 3060">
    <p class='ocr_par' dir='ltr' id='par_1_4' title="bbox 95 2656 1122 3060">
     <span class='ocr_line' id='line_1_24' title="bbox 97 2656 1079 2753; baseline -0.001 -22"><span class='ocrx_word' id='word_1_190' title='bbox 97 2669 189 2745; x_wconf 83' lang='grc' dir='ltr'><strong><em>πιζεν</em></strong></span> <span class='ocrx_word' id='word_1_191' title='bbox 220 2670 261 2731; x_wconf 88' lang='grc' dir='ltr'><strong><em>τδι</em></strong></span> <span class='ocrx_word' id='word_1_192' title='bbox 293 2669 454 2750; x_wconf 87' lang='grc' dir='ltr'><strong><em>πράγματ’</em></strong></span> <span class='ocrx_word' id='word_1_193' title='bbox 485 2667 739 2751; x_wconf 88' lang='grc' dir='ltr'><strong><em>ἀναιρήσεσθαι,</em></strong></span> <span class='ocrx_word' id='word_1_194' title='bbox 768 2656 851 2753; x_wconf 79' lang='grc' dir='ltr'><strong><em>κᾷτα</em></strong></span> <span class='ocrx_word' id='word_1_195' title='bbox 879 2666 1079 2742; x_wconf 79' lang='grc' dir='ltr'><strong><em>διέψευσται.</em></strong></span> 
     </span>
     <span class='ocr_line' id='line_1_25' title="bbox 97 2767 1080 2853; baseline -0.001 -20"><span class='ocrx_word' id='word_1_196' title='bbox 97 2779 197 2833; x_wconf 82' lang='grc' dir='ltr'><strong><em>τοῦτο</em></strong></span> <span class='ocrx_word' id='word_1_197' title='bbox 213 2767 255 2852; x_wconf 84' lang='grc' dir='ltr'><strong><em>δή</em></strong></span> <span class='ocrx_word' id='word_1_198' title='bbox 269 2778 401 2852; x_wconf 86' lang='grc' dir='ltr'><strong><em>πρῶτον</em></strong></span> <span class='ocrx_word' id='word_1_199' title='bbox 412 2769 514 2833; x_wconf 82' lang='grc' dir='ltr'><strong><em>αὐτὸν</em></strong></span> <span class='ocrx_word' id='word_1_200' title='bbox 528 2773 678 2852; x_wconf 90' lang='grc' dir='ltr'><strong><em>ταράττει</em></strong></span> <span class='ocrx_word' id='word_1_201' title='bbox 692 2770 782 2853; x_wconf 80' lang='grc' dir='ltr'><strong><em>παρὰ</em></strong></span> <span class='ocrx_word' id='word_1_202' title='bbox 796 2771 932 2852; x_wconf 80' lang='grc' dir='ltr'><strong><em>γνώμην</em></strong></span> <span class='ocrx_word' id='word_1_203' title='bbox 946 2770 1080 2853; x_wconf 85' lang='grc' dir='ltr'><strong><em>γεγονὸς</em></strong></span> 
     </span>
     <span class='ocr_line' id='line_1_26' title="bbox 95 2870 1072 2958; baseline -0.002 -21"><span class='ocrx_word' id='word_1_204' title='bbox 95 2873 154 2937; x_wconf 82' lang='grc' dir='ltr'><strong><em>καί</em></strong></span> <span class='ocrx_word' id='word_1_205' title='bbox 185 2873 308 2955; x_wconf 76' lang='grc' dir='ltr'><strong><em>πολλὴν</em></strong></span> <span class='ocrx_word' id='word_1_206' title='bbox 340 2873 488 2955; x_wconf 84' lang='grc' dir='ltr'><strong><em>ἀθυμίαν</em></strong></span> <span class='ocrx_word' id='word_1_207' title='bbox 522 2874 609 2958; x_wconf 78' lang='grc' dir='ltr'><strong><em>αὐτῷ</em></strong></span> <span class='ocrx_word' id='word_1_208' title='bbox 643 2876 791 2957; x_wconf 82' lang='grc' dir='ltr'><strong><em>παρέχει,</em></strong></span> <span class='ocrx_word' id='word_1_209' title='bbox 829 2870 898 2938; x_wconf 89' lang='grc' dir='ltr'><strong><em>είτα</em></strong></span> <span class='ocrx_word' id='word_1_210' title='bbox 934 2874 974 2935; x_wconf 87' lang='grc' dir='ltr'><strong><em>τδι</em></strong></span> <span class='ocrx_word' id='word_1_211' title='bbox 1007 2881 1072 2937; x_wconf 89' lang='grc' dir='ltr'><strong><em>τῶν</em></strong></span> 
     </span>
     <span class='ocr_line' id='line_1_27' title="bbox 101 2973 1122 3060; baseline 0.001 -21"><span class='ocrx_word' id='word_1_212' title='bbox 101 2978 278 3041; x_wconf 82' lang='grc' dir='ltr'><strong><em>Θετταλῶν.</em></strong></span> <span class='ocrx_word' id='word_1_213' title='bbox 303 2985 407 3040; x_wconf 84' lang='grc' dir='ltr'><strong><em>ταῦτα</em></strong></span> <span class='ocrx_word' id='word_1_214' title='bbox 428 2977 493 3060; x_wconf 81' lang='grc' dir='ltr'><strong><em>γὰρ</em></strong></span> <span class='ocrx_word' id='word_1_215' title='bbox 516 2980 635 3041; x_wconf 85' lang='grc' dir='ltr'><strong><em>άπιστα</em></strong></span> <span class='ocrx_word' id='word_1_216' title='bbox 651 2977 711 3058; x_wconf 83' lang='grc' dir='ltr'><strong><em>μὲν</em></strong></span> <span class='ocrx_word' id='word_1_217' title='bbox 724 2973 766 3058; x_wconf 83' lang='grc' dir='ltr'><strong><em>ήν</em></strong></span> <span class='ocrx_word' id='word_1_218' title='bbox 781 2978 890 3057; x_wconf 88' lang='grc' dir='ltr'><strong><em>δήπου</em></strong></span> <span class='ocrx_word' id='word_1_219' title='bbox 913 2978 1010 3059; x_wconf 87' lang='grc' dir='ltr'><strong><em>φύσει</em></strong></span> <span class='ocrx_word' id='word_1_220' title='bbox 1024 2978 1122 3040; x_wconf 73' lang='grc' dir='ltr'><strong><em>καλεῖ</em></strong></span> 
     </span>
    </p>
   </div>
   <div class='ocr_carea' id='block_1_4' title="bbox 98 3076 1082 3574">
    <p class='ocr_par' dir='ltr' id='par_1_5' title="bbox 98 3076 1082 3574">
     <span class='ocr_line' id='line_1_28' title="bbox 100 3076 1082 3163; baseline 0.002 -21"><span class='ocrx_word' id='word_1_221' title='bbox 100 3079 152 3142; x_wconf 79' lang='grc' dir='ltr'><strong><em>ἀεὶ</em></strong></span> <span class='ocrx_word' id='word_1_222' title='bbox 173 3086 273 3142; x_wconf 89' lang='grc' dir='ltr'><strong><em>ποῖσιν</em></strong></span> <span class='ocrx_word' id='word_1_223' title='bbox 296 3079 494 3163; x_wconf 84' lang='grc' dir='ltr'><strong><em>ἀνθρώποις,</em></strong></span> <span class='ocrx_word' id='word_1_224' title='bbox 517 3081 636 3163; x_wconf 80' lang='grc' dir='ltr'><strong><em>κομιδῇ</em></strong></span> <span class='ocrx_word' id='word_1_225' title='bbox 659 3081 699 3160; x_wconf 84' lang='grc' dir='ltr'><strong><em>δ’,</em></strong></span> <span class='ocrx_word' id='word_1_226' title='bbox 722 3082 831 3163; x_wconf 87' lang='grc' dir='ltr'><strong><em>ῶσπερ</em></strong></span> <span class='ocrx_word' id='word_1_227' title='bbox 853 3076 904 3161; x_wconf 83' lang='grc' dir='ltr'><strong><em>ήν,</em></strong></span> <span class='ocrx_word' id='word_1_228' title='bbox 933 3080 989 3143; x_wconf 83' lang='grc' dir='ltr'><strong><em>καὶ</em></strong></span> <span class='ocrx_word' id='word_1_229' title='bbox 1015 3080 1082 3144; x_wconf 80' lang='grc' dir='ltr'><strong><em>ἔστι</em></strong></span> 
     </span>
     <span class='ocr_line' id='line_1_29' title="bbox 98 3182 1080 3267; baseline 0.002 -22"><span class='ocrx_word' id='word_1_230' title='bbox 98 3191 164 3246; x_wconf 85' lang='grc' dir='ltr'><strong><em>νῦν</em></strong></span> <span class='ocrx_word' id='word_1_231' title='bbox 191 3184 305 3267; x_wconf 82' lang='grc' dir='ltr'><strong><em>τούτῳ.</em></strong></span> <span class='ocrx_word' id='word_1_232' title='bbox 350 3182 490 3266; x_wconf 79' lang='grc' dir='ltr'><strong><em>καὶγὰρ</em></strong></span> <span class='ocrx_word' id='word_1_233' title='bbox 512 3183 672 3264; x_wconf 81' lang='grc' dir='ltr'><strong><em>Παγασάς</em></strong></span> <span class='ocrx_word' id='word_1_234' title='bbox 695 3183 844 3248; x_wconf 87' lang='grc' dir='ltr'><strong><em>ἀπαιτεῖν</em></strong></span> <span class='ocrx_word' id='word_1_235' title='bbox 872 3184 975 3248; x_wconf 73' lang='grc' dir='ltr'><strong><em>αὐτόν</em></strong></span> <span class='ocrx_word' id='word_1_236' title='bbox 996 3184 1080 3247; x_wconf 89' lang='grc' dir='ltr'><strong><em>είσιν</em></strong></span> 
     </span>
     <span class='ocr_line' id='line_1_30' title="bbox 100 3284 1079 3369; baseline 0.002 -20"><span class='ocrx_word' id='word_1_237' title='bbox 100 3284 332 3369; x_wconf 76' lang='grc' dir='ltr'><strong><em>ἐψηφισμένοι,</em></strong></span> <span class='ocrx_word' id='word_1_238' title='bbox 369 3286 425 3349; x_wconf 81' lang='grc' dir='ltr'><strong><em>καλ</em></strong></span> <span class='ocrx_word' id='word_1_239' title='bbox 458 3288 661 3368; x_wconf 87' lang='grc' dir='ltr'><strong><em>Μαγνησίαν</em></strong></span> <span class='ocrx_word' id='word_1_240' title='bbox 692 3287 894 3350; x_wconf 85' lang='grc' dir='ltr'><strong><em>κεκωλύκασι</em></strong></span> <span class='ocrx_word' id='word_1_241' title='bbox 926 3288 1079 3368; x_wconf 80' lang='grc' dir='ltr'><strong><em>τειχίζειν.</em></strong></span> 
     </span>
     <span class='ocr_line' id='line_1_31' title="bbox 99 3386 1082 3470; baseline 0.002 -20"><span class='ocrx_word' id='word_1_242' title='bbox 99 3389 225 3469; x_wconf 85' lang='grc' dir='ltr'><strong><em>ήκονον</em></strong></span> <span class='ocrx_word' id='word_1_243' title='bbox 240 3387 270 3450; x_wconf 78' lang='grc' dir='ltr'><strong><em>δ’</em></strong></span> <span class='ocrx_word' id='word_1_244' title='bbox 284 3387 386 3470; x_wconf 78' lang='grc' dir='ltr'><strong><em>ἔγωγέ</em></strong></span> <span class='ocrx_word' id='word_1_245' title='bbox 407 3410 516 3468; x_wconf 85' lang='grc' dir='ltr'><strong><em>τινων,</em></strong></span> <span class='ocrx_word' id='word_1_246' title='bbox 540 3386 584 3463; x_wconf 87' lang='grc' dir='ltr'><strong><em>ώς</em></strong></span> <span class='ocrx_word' id='word_1_247' title='bbox 598 3388 678 3452; x_wconf 80' lang='grc' dir='ltr'><strong><em>οὐδὲ</em></strong></span> <span class='ocrx_word' id='word_1_248' title='bbox 699 3390 777 3463; x_wconf 85' lang='grc' dir='ltr'><strong><em>τοὺς</em></strong></span> <span class='ocrx_word' id='word_1_249' title='bbox 798 3389 930 3470; x_wconf 88' lang='grc' dir='ltr'><strong><em>λιμένας</em></strong></span> <span class='ocrx_word' id='word_1_250' title='bbox 954 3389 1082 3463; x_wconf 80' lang='grc' dir='ltr'><strong><em>καὶτὰς</em></strong></span> 
     </span>
     <span class='ocr_line' id='line_1_32' title="bbox 100 3489 1079 3574; baseline -0.006 -17"><span class='ocrx_word' id='word_1_251' title='bbox 100 3490 225 3574; x_wconf 79' lang='grc' dir='ltr'><strong><em>ἀγορὰς</em></strong></span> <span class='ocrx_word' id='word_1_252' title='bbox 246 3489 293 3554; x_wconf 77' lang='grc' dir='ltr'><strong><em>ἔτι</em></strong></span> <span class='ocrx_word' id='word_1_253' title='bbox 315 3490 454 3557; x_wconf 82' lang='grc' dir='ltr'><strong><em>δώσοιεν</em></strong></span> <span class='ocrx_word' id='word_1_254' title='bbox 476 3491 564 3574; x_wconf 76' lang='grc' dir='ltr'><strong><em>αὐτῷ</em></strong></span> <span class='ocrx_word' id='word_1_255' title='bbox 586 3495 813 3572; x_wconf 84' lang='grc' dir='ltr'><strong><em>καρποῦσθαι·</em></strong></span> <span class='ocrx_word' id='word_1_256' title='bbox 835 3490 875 3554; x_wconf 77' lang='grc' dir='ltr'><strong><em>τά</em></strong></span> <span class='ocrx_word' id='word_1_257' title='bbox 898 3491 961 3572; x_wconf 89' lang='grc' dir='ltr'><strong><em>γὰρ</em></strong></span> <span class='ocrx_word' id='word_1_258' title='bbox 983 3491 1079 3552; x_wconf 86' lang='grc' dir='ltr'><strong><em>κοινδι</em></strong></span> 
     </span>
    </p>
   </div>
   <div class='ocr_carea' id='block_1_5' title="bbox 0 0 1266 3992">
    <p class='ocr_par' dir='ltr' id='par_1_6' title="bbox 0 0 1266 3992">
     <span class='ocr_line' id='line_1_33' title="bbox 0 0 1266 3992; baseline 0 0"><span class='ocrx_word' id='word_1_259' title='bbox 0 0 1266 3992; x_wconf 95' lang='lat' dir='ltr'><strong><em> </em></strong></span> 
     </span>
    </p>
   </div>
  </div>
 </body>
</html>
