2484 3992
375 247 501 312 ΚΑΤΑ
525 250 759 312 mmmmm
779 250 813 312 Γ.
1039 246 1082 312 95

105 434 206 498 λοιπά
220 432 275 519 ὑφ’
290 434 379 522 αύτῷ
392 436 608 519 ποιήσασθαι,
631 439 800 503 καὶπάνθ’
818 439 879 502 ὅσα
894 441 1019 503 τοιαῦτ’
1042 439 1085 504 ἂν

108 538 212 621 ἔχοιμι
233 537 419 619 διεξελθεῖν,
447 542 649 623 παραλείψω.
695 541 763 605 ἀλλ’
787 542 854 625 ὁρῶ
882 556 1125 626 συγκεχωρη-εο

106 642 205 717 νεότας
214 643 339 718 πάντας
350 643 558 727 ἀνθρώπους,
574 643 630 727 ἀφ’
646 643 741 726 ὑμῶν
757 643 968 727 ἀρξαμένους,
984 646 1083 728 αὐτῷ,

109 743 192 830 ύπέρ
213 745 254 810 οὗ
276 747 334 810 τὸν
357 749 455 812 ἄλλον
477 746 606 812 ἅπαντα
627 749 747 831 χρόνον
767 748 886 822 πάντες
901 746 933 810 οἱ
948 747 1084 829 πόλεμοι

109 851 282 931 γεγόνασιν
305 852 336 914 οἱ
353 847 545 934 Ἑλληνικοί.
581 853 614 915 τί
628 846 692 916 ούν
712 850 780 914 ἐστι
801 854 916 930 τοῦτο,·
937 860 1044 914 ποιεῖν
1066 851 1086 912 ό

110 973 141 1014 τι
154 952 315 1034 βούλεται,
337 954 394 1018 καί
408 958 483 1018 καθ’
500 953 546 1017 ἕν’
558 953 679 1018 ούτωσὶ
689 956 898 1038 περικόπτειν
912 954 968 1016 καί
982 957 1084 1016 λωπο-

111 1055 220 1121 δυτεῖν
241 1066 311 1121 τῶν
325 1053 500 1139 Ἑλλήνων,
522 1058 579 1121 καί
601 1057 890 1120 καταδουλοῦσθαι
904 1056 962 1131 τὰς
976 1057 1086 1130 πόλεις

111 1157 252 1224 ἐπιόντα.
303 1162 410 1224 καίτοι
442 1161 622 1244 προστάται
656 1160 716 1241 μὲν
748 1158 842 1241 ύμεῖς
874 1154 1126 1240 ἐβδομήκοντέι

112 1259 162 1344 ἐτη
185 1262 242 1326 καί
263 1263 338 1346 τρία
367 1271 435 1326 τῶν
450 1257 615 1343 Ἑλλήνων
637 1261 804 1343 ἐγένεσθε,
837 1263 1018 1345 προστάται
1047 1260 1084 1324 δέ

111 1367 278 1448 τριάκονθ’
301 1365 373 1441 ἐνὸς
394 1366 511 1429 δέοντα
533 1366 807 1448 Λακεδαιμόνιοι·
836 1368 975 1447 ἴσχυσαν
996 1365 1034 1429 δέ
1054 1387 1086 1428 τι

111 1469 164 1532 καί
182 1471 321 1553 Θηβαῖοι
342 1472 499 1535 τουτουσί
520 1473 598 1546 τοὺς
618 1472 825 1546 τελευταίους
845 1472 984 1554 χρόνους
1005 1471 1085 1552 μετδι

111 1572 169 1654 τὴν
190 1572 228 1637 ἐν
250 1576 428 1659 Λεύκτροις
450 1576 565 1657 μάχην.
609 1574 677 1636 ἀλλ’
701 1575 788 1656 ὅμως
811 1576 885 1637 οὔθ’
908 1572 987 1656 ύμῖν
1010 1575 1084 1636 οὔτε

114 1677 270 1759 Θηβαίοις
293 1680 369 1742 οὔτε
392 1678 666 1760 Λακεδαιμονίοις
687 1677 902 1756 οὐδεπώποτ’,
925 1673 1086 1760 ὦάνδρες

109 1775 288 1863 Ἀθηναῖοι,
313 1780 525 1864 συνεχωρήθη
547 1784 642 1846 τοῦθ’
658 1780 724 1845 ὑπὸ
739 1790 806 1846 τῶν
821 1778 995 1862 Ἑλλήνων,
1017 1801 1086 1844 ποι-

111 1894 160 1949 εῖν
176 1885 240 1948 ότι
254 1886 440 1967 βούλοισθε,
463 1886 541 1949 οὐδὲ
563 1888 687 1949 πολλοῦ
711 1884 769 1949 δεῖ.
804 1884 885 1948 άλλδι
906 1894 1005 1948 τοῦτο
1027 1884 1129 1966 μένεκ

111 1987 207 2072 ύμῖν,
241 1991 363 2072 μάλλον
393 1990 429 2053 δὲ
451 1999 519 2064 τοῖς
540 1990 604 2053 τότ’
629 1986 726 2054 οὖσιν
744 1985 946 2072 Ἀθηναίοις,
975 1987 1086 2069 ἐπειδή

112 2109 199 2157 τισιν
214 2093 255 2156 ού
269 2094 408 2177 μετρίως
422 2092 563 2157 ἐδόκουν
576 2094 832 2177 προσφέρεσθαι,
854 2094 972 2167 πάντες
984 2096 1087 2177 ᾤοντο

112 2196 193 2275 δεῖν,
216 2196 273 2259 καί
294 2197 327 2260 οἱ
348 2196 452 2278 μηδὲν
467 2194 615 2279 ἐγκαλεῖν
629 2196 755 2279 ἔχοντες
777 2198 898 2273 αὐτοῖς,
920 2195 1001 2277 μετὰ
1022 2203 1089 2257 τῶν

112 2298 319 2382 ἠδικημένων
328 2303 495 2382 πολεμεῖν·
510 2299 566 2363 καί
577 2302 677 2362 πάλιν
689 2298 963 2381 Λακεδαιμονίοις
975 2294 1090 2381 άρξασι

112 2404 168 2466 καί
195 2406 420 2488 παρελθοῦσιν
456 2403 502 2479 είς
537 2401 598 2484 την
632 2402 736 2484 αὐτην
769 2402 967 2466 δυναστείαν
1000 2400 1089 2484 ύμῖν,

113 2505 225 2588 ἐπειδὴ
248 2508 435 2584 πλεονάζειν
464 2506 652 2590 ἐπεχείρουν
679 2506 735 2570 καί
756 2506 841 2590 πέρηι
871 2515 932 2570 τοῦ
956 2505 1090 2588 μετρίου

113 2611 153 2673 τά
164 2611 376 2694 καθεστηκότ’
390 2610 531 2689 ἐκίνουν,
543 2612 663 2685 πάντες
674 2610 720 2685 είς
730 2612 874 2692 πόλεμον
879 2610 1088 2691 κατέστησαν,

113 2713 169 2777 καὶ
192 2713 223 2776 οἱ
251 2714 354 2796 μηδὲν
387 2714 601 2796 ἐγκαλοῦντες
634 2714 755 2789 αὐτοῖς.
800 2714 856 2777 καί
882 2714 915 2777 τί
941 2714 994 2777 δεῖ
1012 2713 1090 2786 τοὺς
1098 2727 1131 2775 23

115 2820 233 2893 ἄλλους
254 2819 377 2900 λέγειν,·
410 2818 477 2880 ἀλλ’
507 2817 599 2899 ἡμεῖς
628 2816 799 2880 αὐτοίκαὶ
823 2817 1089 2898 Λακεδαιμόνιοι,

115 2920 215 2984 οὐδὲν
241 2920 283 2983 ἂν
315 2921 418 2986 εἰπεῖν
448 2920 574 3002 ἔχοντες
607 2916 639 2995 ἐξ
665 2918 766 3001 ἀρχῆς
793 2920 868 2982 ότι
895 2917 1088 2999 ἠδικούμεθ’

116 3022 168 3086 ὑπ’
186 3023 341 3105 ἀλλήλοιν,
365 3024 453 3107 όμοις
467 3023 549 3106 ύπέρ
565 3020 612 3085 ὧν
626 3022 704 3096 τοὺς
716 3024 833 3096 ἄλλους
851 3020 1091 3102 ἀδικουμένους

117 3125 284 3211 ἐωρῦμεν,
317 3131 470 3210 πολεμεῖν
503 3130 617 3212 ᾤμεθα
650 3126 730 3189 δεῖν.
780 3126 887 3189 καίτοι
907 3126 1006 3189 πάνθ’
1041 3125 1088 3187 όσ

117 3228 330 3314 ἐξημάρτηται
363 3233 419 3296 καί
451 3232 726 3313 Λακεδαιμονίοις
758 3229 795 3295 ἐν
826 3239 894 3304 τοῖς
929 3231 1090 3314 τριάκοντ’

118 3333 252 3411 ἐκείνοις
273 3335 377 3400 ἐτεσιν
403 3336 459 3399 καί
486 3345 555 3410 τοῖς
582 3334 751 3419 ἡμετέροις
771 3333 946 3418 προγόνοις
967 3333 1004 3397 ἐν
1024 3342 1092 3407 τοῖς

117 3436 348 3520 ἐβδομήκοντα,
371 3436 514 3503 ἐλάττον’
538 3436 637 3518 ἐστίν,
661 3433 687 3500 ὦ
711 3438 829 3520 ἄνδρες
840 3432 1021 3520 Ἀθηναῖοι,
1045 3435 1091 3499 ὧν

121 3542 279 3617 Φίλιππος
301 3540 337 3606 ἐν
358 3542 444 3625 τρισί
465 3541 521 3605 καί
543 3540 609 3604 δέκ’
633 3542 694 3624 οὐχ
716 3541 803 3616 όλοις
825 3540 937 3620 ἐτεσιν,
960 3537 1010 3613 οῖς
1023 3536 1091 3602 ἐπι·
