2484 3992
284 288 393 348 ΠΕΡΙ
413 286 513 348 ΤΩΝ
531 289 594 348 ΕΝ
615 286 922 351 ΧΕΡΡΟΝΗΣΩῙ.
1048 282 1090 347 69

564 1210 641 1276 VII.

196 1438 343 1500 ΠΕΡΙ
375 1437 494 1499 ΤΩΝ
516 1440 594 1499 ΕΝ
610 1438 1004 1500 ΧΕΡΡΟΝΗΣΩΙ.

551 1629 654 1638 ——--

410 1757 414 1763 '
437 1745 768 1814 ARGUMENTUM.

216 1917 461 1984 Chersonesum
497 1919 680 1986 Thraciam
717 1919 890 2005 Philippus
935 1920 968 1982 in
1006 1940 1091 2003 paee

109 2044 199 2108 quae
228 2030 372 2087 vocatur
391 2022 607 2088 Philocratea
637 2032 824 2106 agnoverat
855 2045 928 2086 esse
952 2021 1090 2086 Atheni-

108 2127 253 2209 ensium,
269 2148 370 2192 unam
382 2126 602 2211 paeninsulae
613 2126 729 2192 urbem
742 2124 903 2191 Cardiam
920 2150 962 2191 ex
979 2148 1091 2191 eorum

109 2229 278 2295 societate
301 2232 463 2295 eximens.
493 2229 560 2295 Sed
576 2230 734 2316 quoniam
759 2229 815 2294 ille
833 2229 992 2312 neglecta
1008 2252 1092 2314 paee

109 2332 270 2398 insidiari
292 2334 533 2418 perseverabat
563 2334 715 2399 libertati
745 2334 968 2418 reipublicae,
992 2332 1092 2397 Athe-

109 2438 249 2501 nienses
277 2446 314 2501 ut
345 2461 419 2503 eum
442 2439 551 2504 laeum
574 2447 682 2503 tutum
706 2437 885 2502 redderent
910 2437 953 2501 ab
983 2437 1092 2501 ineur-

111 2539 266 2605 sionibus
284 2542 485 2626 improvisis,
509 2542 647 2607 colonos
664 2540 745 2606 illue
762 2542 926 2605 miserunt
950 2545 991 2617 (a.
1006 2539 1091 2622 343),

110 2645 169 2730 qui
200 2664 301 2727 agros
335 2643 383 2709 ibi
413 2645 640 2728 assignandos
670 2644 857 2710 incolerent
881 2646 1092 2729 (κληροῦχοι).

112 2746 264 2827 Quorum
296 2747 365 2813 dux
399 2749 463 2813 fuit
491 2748 687 2834 Diopithes,
721 2751 775 2813 vir
804 2770 904 2813 manu
934 2738 1031 2813 fortis
1060 2759 1094 2813 et

112 2858 282 2932 strenuus,
305 2851 441 2933 ingenio
464 2861 577 2916 tamen
600 2850 779 2916 violentus.
825 2845 944 2915 Geloni
968 2875 988 2915 a
1012 2850 1092 2915 Car·

113 2952 225 3025 dianis
249 2963 286 3017 ut
310 2956 342 3018 in
368 2976 468 3038 agros
493 2977 607 3020 eorum
630 2949 870 3040 reciperentur,
901 2977 968 3019 non
992 2955 1093 3040 impe-

112 3067 266 3141 traver03
305 3057 427 3123 deiude
465 3082 538 3124 eum
573 3062 641 3123 vim
679 3057 842 3123 adhibere
879 3068 1094 3140 conarentur,

113 3159 247 3224 civibus
282 3161 448 3227 auxilium
482 3162 676 3247 petentibus
710 3161 885 3247 Philippus
923 3161 1093 3246 praesidio

115 3263 264 3327 firmavit
287 3263 413 3329 urbem.
458 3266 536 3351 Ipse
563 3286 786 3348 magnacum
811 3267 963 3329 exercitu
988 3266 1021 3328 in
1047 3267 1094 3328 in·

113 3368 271 3432 terionem
305 3378 435 3453 partem
468 3368 635 3434 Thraciae
674 3371 844 3454 profectus
893 3379 930 3432 ut
965 3390 1095 3432 omnem

114 3469 209 3535 illam
222 3481 356 3554 gentem
368 3471 592 3556 perdomaret,
608 3471 733 3536 bellum
746 3474 894 3558 suscepit
910 3482 943 3536 et
960 3481 1094 3557 propter

113 3573 263 3638 loeorum
280 3573 499 3641 difficultates
523 3584 556 3639 et
579 3574 668 3639 eaeli
692 3579 910 3660 asperitatem
931 3574 1094 3659 periculo-
