2484 3992
238 299 350 359 ΠΕΡΙ
370 298 468 360 ΤΩΝ
491 300 558 360 ΕΝ
575 301 608 360 Χ
609 299 878 361 ΕΡΡΟΝΗΣΩΙ.
998 298 1041 363 85

58 486 178 557 θότων
209 495 274 550 τῶν
300 488 429 555 πολλῶν
453 481 635 551 Ὀλυνθίων
662 496 707 571 τῷ
734 486 936 549 Ποτείδαιαν
967 508 1042 570 καρ-

58 592 228 654 ποῦσθαι·
265 591 328 655 οὑκ
360 585 403 671 ἦν
436 589 582 674 ἀσφαλὲς
611 591 718 673 λέγειν
751 589 788 654 ἐν
818 591 976 674 Θετταλίᾳ
1001 592 1042 654 τὰ

61 694 244 772 Φιλίππου,
276 692 320 775 μὴ
350 693 414 756 οὑν
435 688 473 756 εὑ
494 694 699 768 πεπονθότος
721 702 780 756 τοῦ
810 696 959 774 πλήθους
980 705 1039 758 τοῦ

62 800 239 862 Θετταλῶν
250 806 294 881 τῷ
306 799 385 872 τοὺς
398 798 582 881 τυράννους
592 796 740 879 ἐκβαλεῖν
755 798 918 860 Φίλιππον
930 799 1043 874 αὐτοῖς

59 902 118 965 καί
143 901 202 984 τὴν
215 902 367 965 Πυλαίαν
390 901 587 965 ἀποδοῦναι·
612 903 674 964 οὐκ
688 897 731 982 ἧν
745 900 782 964 ἐν
795 901 918 983 Θήβαις
940 900 1042 984 άσφα·

59 1006 133 1086 λε’ς,
166 1006 246 1090 πρίν
274 1005 335 1088 τὴν
357 1007 519 1070 Βοιωτίαν
546 1005 694 1070 ἀπέδωκε
721 1006 777 1068 καὶ
806 1007 884 1081 τοὺς
909 1008 1043 1083 Φωκέας

60 1108 206 1180 ἀνεῖλεν,
246 1111 313 1173 ἀλλ’
339 1106 532 1192 Ἀθήνησιν,
566 1110 607 1174 οὑ
636 1111 739 1191 μόνον
764 1104 958 1192 Ἀμφίπολιν
985 1111 1083 1174 καίεο

59 1212 125 1294 τὴν
138 1215 340 1297 Καρδιανῶν
361 1215 472 1296 χώραν
494 1213 748 1297 ἀπεστερηκότος
762 1215 938 1293 Φιλίππου,
961 1215 1042 1277 ἀλλά

59 1318 120 1379 καὶ
152 1320 450 1395 κατασκευάζοντος
477 1316 556 1399 ὑμῖν
578 1316 776 1398 ἐπιτείχισμα
806 1316 866 1397 τὴν
892 1318 1042 1398 Εὔβοιαν

59 1421 120 1484 καί
133 1430 197 1485 νῦν
212 1421 265 1485 ἐπὶ
280 1423 461 1499 Βυζάντιον
474 1422 659 1505 παριόντος,
683 1420 825 1503 ἀσφαλές
847 1420 915 1484 ἐστι
936 1420 1043 1503 λέγειν

60 1522 147 1605 ὑπὲρ
173 1525 347 1589 Φιλίππου.
384 1524 440 1588 καί
461 1528 524 1607 γάρ
546 1546 597 1587 τοι
619 1524 746 1588 τούτων
766 1524 827 1606 μὲν
850 1523 885 1587 ἐκ
906 1534 1042 1608 πτωχῶν

59 1625 145 1688 ἔνιοι
167 1628 248 1710 ταχὺ
276 1629 427 1691 πλούσιοι
449 1630 618 1710 γίγνονται
640 1629 695 1690 καὶ
718 1626 750 1705 ἐξ
773 1628 958 1709 ἀνωνύμων
985 1629 1041 1690 καί

61 1726 193 1805 ἀδόξων
221 1728 346 1806 ἔνδοξοι
374 1731 429 1793 καὶ
457 1731 628 1813 γνώριμοι,
662 1731 755 1814 ὑμεῖς
781 1731 818 1794 δὲ
847 1733 1042 1795 τούναντίον

59 1831 99 1895 ἐκ
113 1833 177 1915 μὲν
196 1832 338 1909 ἐνδόξων
353 1833 473 1914 ἄδοξοι,
497 1833 533 1898 ἐκ
547 1835 577 1898 δ’
593 1835 744 1916 εὐπόρων
761 1839 894 1919 ἄποροι·
917 1837 1041 1910 πόλεως

59 1935 126 2018 γὰρ
165 1935 267 2018 ἔγωγε
302 1940 445 2001 πλοῦτον
480 1937 627 2020 ἡγοῦμαι
665 1939 871 2019 συμμάχους,
920 1938 1040 2017 πίστιν,

60 2042 214 2119 εὔνοιαν,
245 2039 292 2105 ὧν
318 2043 451 2104 πάντων
479 2041 547 2113 ἔσθ’
575 2041 667 2123 ὑμεῖς
691 2046 816 2123 ἀποροῖ.
862 2041 957 2105 ἐκδὲ
978 2051 1081 2106 τοῦοι

60 2144 192 2206 τούτων
219 2142 383 2228 ὀλιγώρως
411 2144 494 2227 ἔχειν
522 2145 578 2208 καί
605 2144 666 2209 όάυ
692 2154 796 2208 ταῦτα
820 2145 993 2229 στέρεσθαι
1022 2145 1040 2207 ό

60 2246 123 2326 μὲν
151 2247 318 2329 εὐδαίμων
339 2248 394 2313 καί
417 2249 516 2329 μέγας
537 2250 592 2311 καί
621 2249 760 2331 φοβερός
786 2255 887 2311 πάσιυ
912 2246 1040 2329 Ἕλλησι

60 2351 118 2413 καὶ
140 2352 326 2434 βαρβάροις,
349 2350 441 2434 ὑμεῖς
463 2354 491 2416 δ’
514 2352 629 2434 ἔρημοι
651 2353 707 2415 καὶ
728 2352 884 2433 ταπεινοί,
913 2361 951 2435 τῇ
973 2363 1040 2416 τῶν

62 2453 173 2518 ὠνίων
194 2452 341 2537 ἀφθονίᾳ
355 2456 506 2538 λαμπροί,
528 2463 568 2538 τῇ
584 2451 611 2517 δ’
629 2454 676 2517 ὧν
690 2462 833 2539 προσῆκε
847 2465 1039 2539 παρασκευῇ

61 2557 305 2639 καταγέλαστοι.

168 2661 219 2723 Οὑ
250 2661 309 2724 τόν
342 2661 444 2725 αὑτὸν
477 2662 513 2726 δὲ
547 2665 670 2746 τρόπον
695 2664 772 2747 περί
796 2659 828 2726 θ’
863 2663 955 2745 ὑμῶν
984 2664 1041 2727 καὶ

61 2764 137 2848 περὶ
160 2763 270 2847 αὑτῶν
293 2763 402 2839 ἐνίους
423 2775 489 2828 τῶν
504 2767 667 2847 λεγόντων
682 2766 749 2851 ὁρῶ
763 2768 1037 2850 βουλευομένους·

63 2868 149 2950 ὑμεῖς
171 2868 230 2949 μὲν
251 2867 315 2950 γάρ
337 2868 477 2950 ἡσυχίαν
498 2872 590 2951 ἄγειν
613 2871 697 2952 φασί
712 2872 790 2951 δεῖν,
813 2876 939 2947 πάντες
953 2873 1039 2954 ὑμεῖς

64 2971 171 3054 ἀδικῇ,
194 2971 290 3033 αὐτοὶ
312 2972 341 3034 δ’
364 2971 404 3033 οὑ
428 2972 588 3036 δύνανται
607 2976 683 3057 παρ’
699 2973 778 3055 ὑμῖν
792 2974 931 3057 ἡσυχίαν
947 2978 1039 3056 ἀγειυ

64 3073 200 3148 οὐδενὸς
223 3074 344 3149 αὑτοὺς
367 3073 569 3150 ἀδικοῦντος.
615 3072 684 3140 εἶτα
707 3077 808 3158 φησὶν
836 3077 872 3151 ὃς
895 3076 936 3141 ἂν
958 3078 1081 3160 τύχγοὸ

63 3176 240 3257 παρελθών
264 3177 323 3258 ,οὐ
346 3177 409 3258 γὰρ
430 3178 538 3253 θέλεις
558 3179 699 3261 γράφειν
721 3178 800 3243 οὑδὲ
822 3179 1038 3261 κινδυνεύειν,

65 3277 130 3341 ἀλλ’
161 3280 300 3359 ἄτολμος
321 3275 352 3342 εί
377 3280 433 3343 καί
460 3280 633 3361 μαλακός.“
680 3281 743 3363 ἐγὼ
766 3282 802 3346 δὲ
829 3284 958 3366 θρασὺς
978 3283 1040 3365 μὲν

64 3383 118 3446 καί
144 3382 301 3465 βδελυρὸς
333 3384 389 3446 καί
421 3384 558 3466 ἀναιδὴς
587 3387 654 3449 οὔτ’
685 3386 751 3468 είμί
772 3387 853 3469 μήτε
873 3390 1038 3471 γενοίμην,

65 3485 294 3567 ἀνδρειότερον
316 3487 426 3568 μέντοι
446 3490 576 3551 πολλῶν
602 3490 692 3552 πάνυ
714 3499 781 3554 τῶν
803 3492 923 3572 ἰταμῶς
949 3494 1038 3555 πολι-

64 3591 250 3670 τευομένων
277 3594 352 3673 παρ’
381 3589 461 3671 ὑμῖν
493 3590 637 3672 ἐμαυτὸν
669 3592 823 3675 ἠγοῦμαι.
869 3596 956 3667 ὅστις
977 3594 1038 3674 μὲν
1046 3610 1080 3658 69
