2484 3992
178 296 239 360 100
412 297 505 365 VIII.
529 301 892 364 ΔΗΜΟΣΘΕΝΟΤΣ

175 490 216 553 οὐ
238 490 302 574 γὰρ
325 490 367 553 ἀν
388 491 501 566 αὐτοῖς
523 490 604 572 ἔμελ’
629 492 660 553 εί
678 510 727 565 τις
749 488 785 554 έν
800 487 1041 574 Πελοποννήσῳ
1063 490 1159 563 τινδις

176 594 305 658 ὠνεῖται
332 594 388 657 καὶ
415 595 618 677 διαφθείρει,
651 590 695 676 μη
726 596 819 657 τοῦδ’
849 593 1158 676 ὑπολαμβάνουσιν

175 697 327 776 ἐκόλαζον
339 695 369 761 δ’
389 699 477 763 οὕτω
493 698 549 761 καὶ
567 697 783 782 ἐτιμωροῦνθ’
801 700 860 773 οὓς
875 701 1057 781 αἴσθοιντο,
1074 698 1159 761 ὥστε

176 803 232 865 καί
255 803 403 884 στηλίτας
431 812 547 866 ποιεῖν.
592 801 630 865 έκ
657 802 693 865 δὲ
721 802 848 864 τούτων
870 801 1003 877 εἰκότως
1023 801 1066 864 τδι
1089 809 1158 865 τῶν

180 906 336 987 Ελλήνων
363 900 406 986 όν
432 914 478 990 τό
505 906 660 991 βωλίον
688 905 828 988 φοβερά,
858 905 918 987 οὐκ
947 901 1159 988 ὀλίσβους

132 1026 166 1074 44
175 1020 245 1086 τοῖς
277 1009 435 1092 Ἓλλησιν.
487 1009 554 1074 ἀλλ’
583 1008 625 1072 οὗ
647 1018 724 1073 νῦν·
759 1011 800 1072 οὐ
833 1009 897 1093 γὰρ
931 1010 1036 1084 οὕτως
1071 1011 1158 1093 ἔχεθ’

176 1116 269 1197 ὑμεῖς
297 1116 372 1178 οὔτε
400 1114 482 1198 πρὸς
510 1115 550 1176 τδι
577 1117 702 1178 τοιαῦτ’
731 1115 806 1177 οὔτε
828 1114 911 1197 πρὸς
932 1115 1042 1194 τᾶλλα,
1075 1114 1159 1179 ἀλλὰ

174 1227 258 1300 πῶς·
280 1221 360 1283 είπω
383 1218 537 1297 κελεύετε,
560 1218 616 1280 καλ
638 1219 700 1282 οὐκ
722 1217 905 1300 ὀρχιεῖσδες

133 1338 166 1386 45
273 1318 364 1386 Ἐστι
384 1322 499 1386 τοίνυν
520 1343 568 1396 τις
591 1320 713 1404 εὐήθης
735 1321 829 1404 λόγος
850 1322 941 1405 παρδι
963 1331 1029 1385 τῶν
1052 1343 1159 1407 παρα-

177 1431 359 1508 μυθεῖσθαι
373 1424 584 1507 βουλομένων
598 1423 659 1506 τὴν
672 1426 778 1504 πόλιν,
802 1422 846 1499 ὡς
861 1426 911 1508 ἄρ’
928 1427 1022 1489 οὔπω
1043 1428 1158 1490 Φίλιπ-

178 1529 239 1605 πός
260 1528 349 1592 ἐστιν
373 1527 440 1591 οίοί
460 1532 531 1592 ποτ’
547 1525 634 1610 ἦσαν
646 1529 912 1610 Λακεδαιμόνιοι,
936 1530 970 1591 οἳ
988 1532 1159 1611 θαλάττης

175 1630 351 1717 μὲνῆρχον
365 1633 420 1696 καὶ
435 1641 494 1714 γῆς
516 1632 652 1715 όπάσης,
675 1634 809 1713 βασιλέα
824 1631 861 1696 δὲ
873 1633 1044 1715 σύμμαχον
1059 1629 1158 1716 εἶχον,

176 1736 335 1821 ὑφίστατο
358 1738 385 1801 δ’
410 1736 510 1800 οὐδέν
533 1737 671 1811 αὐτούς·
696 1736 761 1799 ἀλλ’
779 1737 866 1818 ὅμως
880 1736 1030 1818 ἠμύνατο
1052 1738 1158 1802 κάκεί-

175 1863 255 1917 νους
276 1841 296 1923 ἡ
319 1842 412 1916 πόλις
434 1841 486 1904 καὶ
512 1839 574 1904 οὐκ
609 1839 816 1924 ἀνηρπάσθη.
862 1839 926 1922 έχὼ
948 1841 977 1903 δ’
1000 1841 1159 1909 ἁπάντων

177 1944 220 2020 ὡς
243 1945 318 2021 ἔπος
341 1946 444 2009 εἰπεῖν
465 1946 589 2026 πολλὴν
612 1945 794 2027 εἰληφότων
808 1943 956 2008 ἐπίδοσιν
978 1945 1034 2006 καὶ
1057 1947 1159 2010 οὐδὲν

177 2049 302 2131 ὁμοίων
320 2051 425 2112 ὄντων
447 2057 514 2112 τῶν
536 2058 599 2112 νύν
620 2058 689 2124 τοῖς
703 2050 874 2132 πρότερον,
897 2048 997 2111 οὐδὲν
1012 2048 1158 2131 ἡγοῦμαι

167 2152 276 2215 ’πλέον
298 2151 318 2233 ἢ
341 2152 381 2215 τδι
404 2161 465 2215 τού
485 2152 631 2232 πολέμου
661 2156 854 2234 κεκινῆσθαι
882 2151 1156 2243 κάπιδεδωκέναι.

134 2273 167 2321 46
177 2266 308 2340 πρῶτον
321 2257 383 2340 μὲν
403 2257 467 2340 γὰρ
484 2256 595 2347 ἀκούω
607 2257 892 2337 Λακεδαιμονίους
906 2256 978 2320 τότε
1000 2258 1058 2320 καί
1080 2261 1158 2321 πάν-

176 2361 327 2437 ταςτοδς
343 2363 471 2437 ἀλλους,
494 2361 649 2442 τέτταρας
671 2359 810 2441 μηναςδ
826 2360 932 2440 πέντε,
954 2359 1014 2441 την
1031 2359 1159 2445 ὡραίαν

178 2466 292 2546 αὐτόν,
308 2465 508 2547 ἐμβαλόντας
520 2463 561 2525 ἂν
572 2464 628 2526 καί
644 2465 859 2539 κακώσαντας
873 2463 934 2545 την
944 2465 1057 2546 χώραν
1072 2465 1158 2529 όπλί·

175 2592 247 2645 ταις
260 2569 316 2632 καὶ
331 2571 510 2643 πολιτικοῖς
527 2568 776 2650 στρατεύμασιν,
800 2567 981 2651 ἀναχωρεῖν
997 2566 1048 2630 ἐπ’
1064 2572 1157 2632 οἴκου

176 2675 289 2737 πάλιν·
313 2672 400 2734 οὕτω
423 2671 451 2732 δ’
476 2671 618 2754 ἀρχαίως
640 2667 741 2753 εἶχον,
770 2673 893 2752 μᾶλλον
915 2671 952 2734 δὲ
973 2675 1157 2751 πολιτικῶς,

166 2779 250 2851 [ὥστ’
279 2774 358 2840 οὐδὲ
385 2777 559 2859 χρημάτων
588 2772 746 2839 δινεῖσθαι
773 2779 849 2858 παρ’
881 2775 1018 2850 οὐδενὸς
1049 2778 1158 2855 οὐδέν,

179 2883 247 2946 ἀλλ’
271 2879 354 2946 εἶναι
380 2882 522 2963 νόμιμόν
550 2903 626 2944 τινα
654 2881 710 2944 καὶ
736 2888 891 2963 προφανῆ
920 2879 978 2945 τδν
1005 2883 1158 2964 πόλεμον.

132 3002 166 3051 47
176 2987 254 3051 νυνὶ
270 2988 299 3050 δ’
323 2985 420 3069 δρᾶτε
442 2984 503 3067 μέν
527 2983 635 3065 δήπου
658 2984 698 3046 τὰ
725 2985 861 3046 πλεῖστα
888 2984 966 3059 τοὺς
991 2986 1158 3068 προδότας

178 3090 436 3169 ἀπολωλεκότας,
467 3088 567 3152 οὐδὲν
593 3090 622 3151 δ’
647 3087 683 3151 ἐκ
711 3085 920 3170 παρατάξεως
949 3087 1029 3151 οὐδὲ
1056 3091 1160 3172 μάχης

176 3195 387 3277 γιγνόμενον·
422 3193 556 3256 ἀκούετε
585 3190 622 3253 δὲ
648 3192 814 3255 Φίλιππον
842 3192 915 3274 ούχλ
941 3200 985 3275 τῷ
1017 3194 1157 3275 φάλαμχί

181 3296 323 3359 ὁπλιτῶν
346 3299 438 3376 ἄγειν
460 3295 629 3376 βαδίζονθ’
654 3295 729 3357 όποι
751 3295 914 3376 βούλεται,
938 3295 1018 3357 ἀλλὰ
1040 3305 1088 3380 τῷ
1110 3306 1157 3371 ψι-

186 3397 278 3475 λούς,
313 3396 439 3475 ἱππέας,
467 3394 608 3477 τοξότας,
637 3395 761 3478 ξένους,
788 3402 940 3461 τοιοῦτον
961 3396 1158 3481 έξηρτύσδαι

134 3500 411 3584 κσστρατόπεδον.
449 3498 584 3563 έπειδδιν
598 3503 628 3563 δ’
652 3500 704 3564 έπί
725 3503 854 3578 τούτοις
875 3501 957 3585 πρὸς
977 3512 1158 3578 νοσοῦντας

178 3601 220 3664 Ιέν
236 3599 348 3674 αὑτοῖς
362 3599 528 3681 προσπέση
543 3602 598 3663 καὶ
614 3602 726 3683 μηδείς
740 3604 822 3684 ὑπὲρ
838 3612 895 3686 τῆς
907 3605 1015 3687 χώρας
1029 3605 1073 3666 δι’
1090 3604 1157 3667 ἀπι-
