2484 3992
173 268 217 335 20
465 269 511 335 Π.
533 272 894 337 ΔΗΜΟΣΘΕΝΟΥΣ

174 466 276 532 factis
299 462 380 529 urbs
404 472 633 549 oppugnatur3
663 463 936 549 oppugnantibus
958 464 1162 535 Lasthenes

174 580 209 637 et
229 568 458 653 Euthycrates
481 567 645 651 praefecti
669 567 816 652 equitum
846 590 928 633 auro
952 592 973 635 a
994 567 1161 658 Philippo

172 674 320 759 corrupti
342 670 554 756 patefaciunt
576 677 702 754 portas.
746 667 857 756 Capta
879 671 960 737 urbs
989 695 1067 740 oum
1090 679 1158 741 tri·

172 779 269 863 ginta
294 775 425 842 duabus
456 773 534 839 aliis
558 773 646 840 illius
670 776 819 858 regionis
842 776 914 841 solo
938 777 1159 865 adaequatur

172 888 231 967 ita,
253 892 289 948 ut
316 904 358 946 ne
381 879 528 961 vestigia
551 877 686 963 quidem
709 878 831 945 relicta
854 880 921 945 sint
946 881 1046 962 (348).

271 1069 359 1136 Ἀντί
373 1072 501 1133 πολλῶν
523 1071 574 1148 άν,
598 1064 625 1131 ὦ
641 1068 758 1151 ἀνδρες
770 1069 951 1151 Ἀθηναῖοι,
974 1076 1157 1154 χρημάτων

170 1176 256 1260 ύμάς
279 1174 411 1239 ἑλέσθαι
432 1173 568 1254 νομίζω,
597 1170 626 1235 εί
656 1171 801 1254 φανερὸν
823 1172 950 1253 γένοιτο
971 1173 1009 1236 τὸ
1030 1175 1156 1255 μέλλον

172 1281 337 1343 συνοίσειν
359 1285 398 1360 τῇ
420 1277 512 1339 πόλει
534 1275 609 1356 περὶ
632 1274 679 1337 ὧν
700 1275 777 1339 νυνί
807 1284 962 1340 σκοπεῖτε.
1006 1278 1061 1341 ὅτε
1083 1282 1154 1342 τοί·

169 1406 235 1447 νυν
266 1383 360 1445 τοῦθ’
388 1380 493 1454 οὕτως
519 1376 598 1461 ἔχει,
628 1377 787 1459 προσήκει
814 1381 995 1462 προθύμως
1022 1379 1156 1446 έθέλειν

169 1486 306 1549 ἀκούειν
320 1491 386 1546 τῶν
401 1482 611 1563 βουλομένων
628 1481 879 1562 συμβουλεύειν·
898 1483 940 1546 ού
954 1485 1018 1569 νάρ
1032 1485 1153 1566 μένον,

171 1591 204 1652 εἴ
227 1609 259 1651 τι
279 1585 439 1670 χρήσιμον
467 1584 663 1667 ἐσκεμμένος
684 1583 754 1665 ἥκει
781 1607 840 1665 τις,
872 1590 959 1650 τοῦτ’
983 1586 1025 1650 ἀν
1047 1587 1152 1651 ἀκού·

170 1708 285 1765 σαντες
318 1689 461 1770 λάβοιτε,
496 1687 576 1751 ἀλλά
604 1688 661 1750 καί
688 1696 745 1769 της
767 1688 925 1770 ὑμετέρας
947 1691 1046 1773 τύχης
1067 1689 1152 1755 ὕπο-

169 1793 326 1877 λαμβάνω
347 1792 450 1856 πολλὰ
472 1799 539 1855 τῶν
561 1792 705 1856 δεόντων
719 1790 756 1855 έκ
770 1802 831 1854 τοῦ
845 1789 1028 1877 παραχρῆμ’
1046 1792 1154 1870 ἐνίοις

170 1897 212 1959 ἂν
234 1896 384 1961 ἐπελθεῖν
405 1896 518 1973 είπεῖν,
542 1890 614 1958 ὥστ’
632 1892 664 1971 ἐξ
687 1894 842 1959 ἀπάντων
863 1894 985 1979 βηδίαν
1004 1896 1065 1978 τὴν
1086 1908 1153 1961 τοῦ

170 2002 394 2085 συμφέροντος
415 1999 495 2082 ὑμῖν
517 1997 644 2082 αἵρεσιν
665 1999 830 2081 γενέσθαι.
1224 2028 1225 2033 ’

131 2122 147 2169 2
257 2100 293 2167 ‘0
314 2104 375 2185 μέν
398 2098 460 2166 οὖν
481 2100 596 2185 παρὼν
623 2103 746 2182 καιρός,
777 2098 945 2187 ὠάνδρες
964 2099 1149 2187 Ἀθηναίωι,
1224 2078 1226 2233 Ι

168 2209 272 2291 μόνον
294 2207 368 2290 οὐχί
390 2207 475 2288 λέγει
497 2204 612 2289 φωνην
637 2205 754 2288 ἀφιείς,
779 2206 917 2270 ὅτιτῶν
943 2211 1150 2291 πραγμάτων
1223 2286 1224 2289 ¹

167 2310 247 2393 ὑμῖν
274 2309 409 2375 ἐκείνων
433 2309 544 2384 αὐτοῖς
574 2308 787 2392 ἀντιληπτέον
809 2307 913 2388 ἐστίν,
943 2312 1034 2393 είπερ
1061 2310 1148 2393 ὑπὲρ
1223 2314 1224 2317 ’

168 2417 329 2498 σωτηρίας
352 2415 462 2477 αὐτῶν
485 2414 684 2497 φροντίζετε·
707 2412 800 2495 ἡμεῖς
822 2413 851 2476 δ’
868 2412 931 2476 οὐκ
953 2410 1016 2478 οἷδ’
1033 2415 1147 2479 ὅντινά
1223 2424 1224 2487 ,

167 2542 223 2602 μοι
245 2519 408 2600 δοκοῦμεν
431 2517 515 2599 ἔχειν
536 2518 660 2599 τρόπον
681 2516 762 2600 πρὸς
785 2517 879 2581 αὐτά.
913 2517 981 2582 έστι
995 2516 1036 2599 δὴ
1059 2521 1100 2583 τά
1113 2522 1146 2601 ν’

168 2621 240 2703 έμοί
262 2622 440 2699 δοκοῦντα,
475 2620 687 2701 ψηφίσασθαι
718 2619 779 2701 μέν
812 2620 876 2702 ἤδη
903 2619 964 2702 τὴν
984 2620 1146 2703 βοήθειαν

167 2726 224 2788 καὶ
245 2725 565 2805 παρασκευάσασθαι
597 2722 658 2805 την
692 2723 855 2806 ταχίστην,
890 2723 977 2798 ὅπως
1009 2722 1145 2789 ἐνθένδε

165 2826 351 2909 βοηθήσητε
373 2825 429 2888 καί
451 2825 494 2907 μὴ
517 2828 646 2908 πάθητε
666 2826 787 2889 ταύτδν
810 2826 889 2909 ὅπερ
903 2827 959 2890 καί
973 2829 1141 2912 πρότερον,

165 2931 342 3015 πρεσβείαν
371 2930 408 2993 δὲ
430 2931 583 3012 πέμπειν,
613 2930 684 3012 ἥτις
705 2933 795 2993 ταῦτ’
819 2929 888 3015 ίρεῐ
907 2930 962 2993 καί
984 2931 1143 3015 παρέσται

131 3043 229 3110 3τοῐς
251 3037 457 3118 πράγμασιν·
482 3032 526 3109 ὡς
548 3034 616 3098 ἔστι
631 3035 771 3116 μάλιστα
785 3042 883 3098 τοῦτο
898 3032 982 3114 δέος,
1004 3035 1049 3117 μὴ
1065 3055 1141 3098 παν·

168 3147 288 3220 οὕρνος
312 3136 358 3200 ὢν
380 3139 436 3202 καί
458 3138 566 3213 δεινὸς
588 3138 764 3221 ἄνθρωπος
785 3140 975 3222 πράγμασιν
990 3144 1139 3222 χρῆσθαι,

165 3243 206 3305 τά
216 3243 278 3324 μὲν
289 3244 396 3321 είκων,
418 3241 503 3323 ἡνίκ’
516 3243 558 3306 ἀν
572 3244 663 3326 τάχη,
686 3242 726 3306 τά
742 3243 771 3306 δ’
784 3242 925 3307 ἀπειλῶν
946 3241 1141 3323 (ἀξιόπιστος

165 3346 194 3408 δ’
219 3344 261 3407 ἀν
283 3344 415 3420 είκότως
438 3344 613 3426 φαίνοιτο),
642 3344 683 3407 τά
711 3345 740 3407 δ’
762 3345 848 3427 ἡμᾶς
875 3345 1061 3427 διαβάλλων
1083 3345 1137 3409 καί

164 3446 224 3528 τὴν
248 3447 414 3510 ἀπουσίαν
436 3447 496 3528 τὴν
519 3446 688 3530 ἡμετέραν,
712 3447 939 3530 εὐτρεπίσηται
962 3449 1017 3511 καί
1039 3468 1137 3532 παρα-

130 3549 323 3629 4σπάσηταί
354 3571 385 3611 τι
418 3557 484 3613 τῶν
518 3549 603 3613 ὅλων
635 3551 845 3633 πραγμάτων.
890 3549 930 3613 οὐ
968 3551 1034 3633 μὴν
1068 3551 1132 3614 ἀλλ’
