2484 3992
183 252 252 318 XII
565 249 782 303 PRAEFATIO.

281 440 336 506 Ita
352 439 594 505 Demosthenes
610 462 687 505 cum
702 440 872 505 audiendo
896 440 1041 505 dicendo
1065 462 1174 505 exer·
1220 520 1222 539 1

183 543 290 609 cende
305 545 387 607 artis
400 543 591 609 rhetoricae
603 554 786 628 praecepta
797 546 930 628 penitus
944 544 1175 629 percepisset,
1220 542 1222 585 t

186 650 267 733 ipse,
290 656 328 711 ut
343 648 449 712 vitam
465 645 626 711 toleraret
643 669 778 732 remque
799 646 999 712 familiarem
1014 656 1176 711 tutorum
1222 668 1223 723 ι

183 749 302 814 fraude
321 749 528 814 deminutam
544 760 696 832 augeret,
719 749 874 815 mercede
891 751 1063 815 orationes
1080 752 1174 814 scri·

184 852 264 916 bere
287 854 408 937 coepit.
452 851 568 936 Neque
590 851 872 938 logographorum
896 874 1113 938 quemquam,
1141 855 1176 917 si
1223 910 1224 915 ,

186 957 326 1040 Lysiam
342 957 505 1040 excipias,
529 978 549 1019 a
572 954 805 1038 litigatoribus
821 957 1029 1041 frequentius
1054 975 1177 1020 arces·

187 1061 287 1123 situm
316 1080 390 1122 csse
419 1080 518 1144 quam
546 1058 807 1124 Demosthenem
836 1058 952 1143 colligi
985 1068 1097 1145 potest
1126 1082 1176 1125 ex

186 1182 308 1244 magno
337 1162 525 1226 orationum
548 1161 646 1226 huius
670 1160 878 1227 iudicialium
895 1183 1049 1245 numero,
1079 1184 1178 1248 quae

186 1266 220 1330 in
244 1264 400 1330 manibus
422 1266 547 1328 nostris
572 1276 660 1329 sunt.
699 1263 848 1343 Quarum
870 1287 949 1350 pars
974 1274 1025 1329 est
1046 1264 1177 1332 habita

187 1371 221 1434 in
253 1367 397 1452 publicis
428 1369 542 1431 causis
572 1403 615 1412 —
638 1369 729 1449 λόγοι
750 1368 913 1431 δικανικοὶ
939 1369 1092 1450 δημόσιοι
1114 1405 1176 1452 —,

187 1493 266 1556 pars
302 1472 336 1533 in
369 1471 513 1554 privatis
550 1505 586 1515 -
622 1472 649 1532 λ.
683 1472 712 1533 d.
748 1471 908 1534 ἰδιωτικοί
937 1505 990 1534 -.
1034 1471 1178 1537 Primae

188 1574 361 1658 utriusque
387 1573 520 1654 generis
528 1571 559 1652 ⁴⁵)
589 1575 758 1639 orationes
787 1574 832 1638 ad
858 1595 983 1639 annum
1010 1574 1081 1639 fere
1103 1572 1176 1638 359

188 1675 361 1741 recedunt.
405 1674 527 1741 Paucis
557 1679 655 1741 annis
685 1687 762 1762 post
790 1677 879 1759 (355)
907 1679 978 1762 ipse
1004 1686 1176 1763 patronus

189 1815 231 1824 -
244 1778 481 1859 συνήγορος-
495 1782 628 1845 exstitit
645 1781 799 1866 dixitque
821 1802 881 1865 pro
905 1778 1065 1865 Otesippo
1081 1778 1176 1845 Cha·

189 1883 285 1948 briae
308 1880 377 1946 filio
400 1881 565 1949 adversus
588 1885 769 1970 Leptinem
792 1886 988 1966 orationem,
1011 1904 1096 1968 quae
1120 1884 1176 1947 in·

138 2028 145 2039 ·
193 1984 354 2051 scribitur
377 1986 451 2065 ιιερί
473 1995 530 2068 τῆς
552 1987 704 2062 ἀτελείας.

293 2085 358 2150 His
382 2092 501 2157 officiis
525 2113 584 2175 per
606 2092 735 2175 aliquot
760 2113 866 2155 annos
889 2091 1024 2155 functus
1047 2090 1176 2155 Demo-

193 2208 327 2273 sthenes
352 2207 386 2269 in
411 2211 484 2268 arte
508 2198 658 2264 oratoria
682 2197 766 2260 satis
790 2196 998 2259 exercitatus
1015 2193 1081 2259 sibi
1097 2214 1176 2258 esse

192 2310 390 2388 videbatur,
420 2315 457 2370 ut
479 2325 539 2389 pro
563 2301 722 2366 contione
743 2297 858 2384 populi
883 2298 997 2363 dicere
1020 2297 1176 2362 auderet.

194 2415 268 2495 Quo
295 2423 446 2498 tempore
468 2409 611 2493 primum
634 2403 671 2469 id
692 2403 827 2485 fecerit,
850 2423 917 2467 non
941 2401 1104 2482 traditur,
1137 2410 1177 2466 at

196 2538 355 2584 successu
378 2512 463 2578 adeo
487 2511 640 2574 caruisse
663 2529 755 2588 eum,
785 2515 822 2570 ut
852 2528 873 2570 a
902 2502 1023 2590 populo
1053 2504 1174 2568 irrisus

196 2622 321 2685 desua
350 2620 455 2704 ipsius
484 2612 651 2679 facultate
681 2608 816 2674 dicendi
848 2607 1061 2692 desperaret,
1095 2627 1175 2670 con·

196 2745 294 2788 sensu
318 2742 448 2801 eornm,
477 2718 534 2803 qui
557 2717 664 2780 vitam
686 2711 924 2777 Demosthenis
955 2711 1175 2794 scripserunt,

195 2826 420 2892 confirmatur.
466 2819 532 2902 Qui
565 2828 603 2883 ut
636 2816 724 2881 hanc
758 2837 828 2880 rem
863 2836 956 2880 sane·
978 2815 1098 2878 miram
1132 2834 1175 2877 ac

195 2950 301 3016 paene
325 2923 558 2992 incredibilem
582 2920 804 3007 explicarent,
827 2917 915 2983 alius
933 2915 1021 2982 alias
1037 2917 1176 2998 excogi-

197 3041 312 3097 tarunt
328 3026 615 3107 narratiunculas,
633 3022 823 3109 exquibus,
840 3023 868 3086 si
885 3021 1068 3086 omittimus
1084 3018 1176 3103 quic-

199 3135 280 3221 quid
296 3130 486 3199 exornandi
501 3128 556 3193 vel
580 3124 813 3210 exaggerandi
837 3126 949 3209 gratia
964 3123 1079 3187 fictum
1102 3142 1175 3186 esse

199 3245 349 3324 apparet,
366 3235 449 3299 haec
462 3230 661 3314 intellegere
672 3250 865 3316 possumus:
881 3226 1056 3292 offensioni
1071 3224 1175 3288 fuisse

198 3339 317 3427 populo
342 3347 520 3418 oratorem,
543 3345 721 3421 propterea
738 3330 828 3418 quod
842 3353 961 3417 parum
976 3329 1173 3393 inservisset

297 3478 323 3543 *l
341 3446 402 3526 OT
396 3475 441 3524 LI.
460 3469 524 3536 περὶ
540 3474 590 3522 τοῦ
603 3467 744 3533 στεφάνου
755 3466 805 3533 τῆς
816 3465 1000 3533 τριηραρχίας,
1024 3480 1093 3531 quae
1106 3467 1175 3513 inter

199 3564 315 3628 privatas
333 3561 439 3625 legitur,
458 3557 625 3624 publicarum
643 3570 752 3604 numero
772 3553 942 3618 adiungenda
959 3557 1007 3602 cst.
