2484 3992
373 237 498 300 ΚΑΤΑ
523 236 756 298 ΦΙΛΙΠΠΟΤ
774 236 811 298 Β.
1039 232 1082 298 59

92 427 193 515 quod
222 425 457 507 intenderunt,
486 424 675 489 obtinuisse
696 423 872 505 videntur,
896 426 969 488 sive
992 424 1081 509 quod

91 528 337 615 Peloponnesii
355 526 554 593 diffidebant
567 526 831 594 Atheniensibus
847 535 985 614 propter
1000 529 1081 592 ami·

94 636 220 700 citiam
244 654 357 698 eorum
380 654 455 696 cum
466 630 760 713 Lacedaemoniis,
784 652 884 716 quam
906 653 1082 696 commune

94 738 217 803 odium
231 736 468 801 Thebanorum
485 735 688 818 sustinebat,
713 737 785 800 sive
801 734 889 820 quod
910 733 1080 800 libertatis

96 864 196 928 spem
220 863 350 905 omnem
374 842 407 906 in
431 862 496 904 uno
519 838 692 925 ponebant
714 838 879 924 Philippo.
898 837 1081 902 -Earum

95 966 214 1010 rerum
230 945 354 1008 mentio
377 942 415 1008 fit
438 945 473 1007 in
491 941 729 1007 Demosthenis
747 943 899 1006 oratione
921 941 1080 1027 Philip-

96 1050 197 1131 pica
221 1047 380 1129 altera,
404 1068 505 1132 quam
529 1053 665 1111 constat
687 1044 840 1110 habitam
861 1067 938 1110 esse
959 1067 991 1109 a.
1007 1044 1080 1110 344.

95 1151 285 1217 Cuiusnam
307 1151 332 1213 ii
354 1149 478 1214 fuerint
501 1148 618 1231 legati,
645 1147 766 1233 quibus
791 1147 966 1232 ἀπόκρισιν
987 1147 1081 1215 illam

99 1254 251 1320 dandam
274 1252 522 1318 commendavit
545 1261 660 1317 orator
684 1254 727 1333 (ὅ.
751 1250 817 1334 28),
840 1273 915 1317 cum
939 1253 1013 1338 ipsa
1036 1252 1080 1317 ad

98 1381 163 1424 nos
197 1380 265 1422 non
297 1358 504 1442 pervenerit,
537 1357 702 1420 incertum
736 1364 798 1421 est.
857 1355 987 1437 Quodsi
1024 1355 1082 1420 ille

99 1463 313 1527 audientium
328 1462 413 1526 iram
429 1481 652 1525 conversurus
670 1469 720 1524 est
744 1461 779 1524 in
802 1461 894 1524 cives
918 1459 1081 1546 quosdam

99 1589 122 1631 a
144 1565 301 1650 Philippo
324 1572 516 1649 corruptos,
546 1564 602 1648 qui
626 1564 833 1648 nequissima
855 1563 998 1628 consilia
1023 1586 1080 1650 po·

98 1668 179 1755 pulo
198 1667 363 1750 dederint,
388 1667 559 1750 significat
576 1688 615 1730 ac
633 1668 731 1751 quasi
747 1666 854 1750 digito
872 1667 1080 1733 demonstrat

98 1771 330 1837 Philocratem
354 1781 388 1836 et
409 1770 629 1852 Aeschinem,
656 1770 900 1836 Macedonicae
921 1772 1080 1837 factionis

98 1877 282 1962 principes.
318 1875 466 1957 Quorum
483 1874 540 1939 illc
556 1874 599 1939 ab
616 1874 791 1961 Hyperide
813 1876 848 1939 in
871 1876 924 1939 ius
940 1884 1081 1940 vocatus

98 1988 238 2064 postero
254 2001 342 2044 anno
359 1979 481 2063 capitis
499 1978 679 2043 damnatus
696 1989 756 2061 est,
772 1979 827 2043 hic
844 1987 921 2064 post
935 1978 1081 2044 reditum

100 2105 118 2146 e
140 2081 343 2147 Macedonia
367 2082 410 2146 ab
434 2083 507 2167 ipso
530 2080 757 2146 Demosthene
780 2093 977 2165 accusatus,
1005 2103 1081 2146 eum

101 2187 273 2250 actionem
297 2184 486 2250 distulisset
510 2207 570 2269 per
592 2194 751 2270 quattuor
774 2208 896 2268 annos,
920 2208 963 2250 ex
987 2185 1079 2249 dam·

98 2290 239 2355 natione
274 2290 417 2372 triginta
452 2297 585 2353 tantum
620 2288 791 2371 suffragiis
830 2290 940 2354 evasit
978 2288 1078 2369 (342).

98 2392 251 2458 Exstant
281 2413 368 2477 quae
398 2394 432 2456 in
462 2415 502 2456 ea
526 2392 587 2456 lite
610 2391 653 2457 ab
677 2401 818 2477 utroque
841 2392 980 2457 habitae
1003 2403 1082 2459 sunt

100 2498 272 2561 orationes
296 2495 507 2561 clarissimae
530 2495 610 2560 illae
638 2497 713 2578 περὶ
733 2505 791 2579 τῆς
811 2499 1080 2581 παραπρεσβείας.

212 2703 319 2784 Ὅταν,
336 2700 362 2766 ὦ
378 2703 495 2788 ἄνδρες
507 2699 687 2785 Ἀθηναῖοι,
708 2704 800 2786 λόγοι
815 2706 992 2786 γίγνωνται
1007 2709 1082 2790 περὶ

102 2805 150 2869 ὧν
175 2808 336 2881 Φίλιππος
356 2808 489 2889 πράττει
511 2807 567 2869 καὶ
588 2807 730 2887 βιάζεται
751 2808 841 2889 παρὰ
863 2807 923 2889 τὴν
938 2809 1080 2892 εἰρήνην,

102 2910 152 2973 ἀεὶ
174 2911 252 2985 τοὺς
273 2909 356 2991 ὑπὲρ
379 2910 472 2991 ἡμῶν
501 2912 618 2992 λόγους
640 2909 696 2972 καὶ
718 2909 867 2984 δικαίους
893 2912 948 2972 καὶ
971 2915 1081 2993 φιλαν-

101 3014 259 3096 θρώπους
286 3013 353 3095 δρῶ
383 3013 615 3096 φαινομένους,
644 3013 700 3075 καὶ
728 3014 832 3095 λέγειν
855 3014 915 3095 μὲν
937 3013 1083 3090 ἅπαντας

103 3117 154 3179 ἀεὶ
176 3116 217 3178 τὰ
239 3116 356 3178 δέοντα
379 3116 561 3190 δοκοῦντας
582 3116 660 3190 τοὺς
681 3124 946 3198 κατηγοροῦντας
971 3121 1048 3182 Φιλί
1071 3156 1081 3164 -

101 3240 177 3299 που,
200 3220 396 3302 γιγνόμενον
418 3220 447 3282 δ’
465 3218 564 3283 οὐδὲν
580 3218 624 3292 ὡς
638 3219 714 3294 ἔπος
728 3220 830 3282 εἰπεῖν
845 3229 912 3282 τῶν
926 3221 1081 3311 δεόντων,

103 3322 175 3385 οὐδ’
199 3322 245 3386 ὧν
267 3323 375 3387 εἵνεκα
404 3323 494 3387 ταῦτ’
519 3323 653 3387 ἀκούειν
682 3322 786 3400 ἄξιον·
822 3324 889 3387 ἀλλ’
920 3327 966 3401 εἰς
992 3331 1109 3391 τοῦτο

102 3427 165 3507 ἤδη
198 3428 388 3509 προηγμένα
422 3429 575 3510 τυγχάνει
611 3430 719 3490 πάντα
754 3429 795 3490 τὰ
832 3430 1006 3511 πράγματα
1041 3441 1081 3514 τῇ

103 3529 204 3605 πόλει,
229 3529 309 3592 ὥσθ’
333 3530 399 3613 dous
413 3551 462 3605 τις
485 3529 526 3593 ἂν
547 3532 671 3610 μᾶλλον
692 3531 748 3592 καὶ
771 3533 999 3614 φανερώτερον
1021 3530 1081 3606 ἐξε-
