2484 3992
167 228 210 293 42
434 232 492 297 lv.
517 234 873 296 ΔΗΜΟΣΘΕΝΟΤΣ

166 422 301 483 πάντων
328 423 463 503 μάλλον,
491 420 645 504 ἥττηνται
671 422 701 485 δ’
726 423 813 505 ὅμως
840 423 896 487 διά
923 423 1051 498 πάντας
1071 426 1160 500 τοὺς

168 524 335 605 φυγόντας
357 521 481 606 δήπου·
515 525 626 607 μένειν
652 525 716 607 γάρ
746 523 821 608 ἐξῆν
842 535 887 611 τῷ
909 536 1159 610 κατηγοροῦντι

167 634 234 689 τῶν
257 629 378 707 ἀλλων,
412 628 442 691 εί
469 627 506 692 δέ
526 631 614 692 τοῦτ’
636 627 739 693 ἐποίει
766 626 915 708 ἕκαστος,
934 628 1069 697 ,ἐνίκων
1099 634 1157 694 άυ.

130 745 162 793 18
171 732 227 793 καί
253 739 331 811 νῦν,
365 731 406 794 οό
434 731 519 813 λέγει
541 730 589 806 τις
615 732 657 794 τά
684 732 848 814 βέλτιστος
881 732 1025 809 ἀναστάς
1055 737 1159 809 ἄλλος
1227 810 1228 815 ¹

168 833 299 912 εἰπάτω,
322 831 366 915 μὴ
389 843 508 898 τοῦτον
530 834 702 898 αἰτιάσθω.
725 833 832 917 ἕτερος
846 837 931 918 λέγει
944 857 995 911 τις
1017 838 1158 918 βελτίω,ι

168 932 272 1000 ταῦτα
300 939 414 1000 ποιεῖτ’
442 935 552 1020 ἀγαθῇ
582 933 672 1020 τύχῃ.
718 938 784 1000 ἀλλ’
819 934 878 1021 οὔχ
910 938 994 1021 ἡδέα
1026 949 1157 1020 ταῢτα;
1227 960 1228 975 ³

168 1040 278 1103 οὐκέτι
299 1041 393 1102 τοῦθ’
415 1038 435 1102 ό
457 1040 560 1121 λέγων
583 1040 698 1103 ἀδικεῖ.
731 1039 816 1123 πλὴν
837 1042 866 1105 εί
888 1042 967 1106 δέον
988 1041 1156 1118 εὔξασθαι

167 1143 356 1229 παραλείπει
360 1166 374 1225 ,·
394 1138 553 1229 εὔξασθαι
568 1145 638 1225 μέν,
654 1139 680 1206 ὠ
696 1144 813 1227 ἀνδρες
824 1140 1004 1227 Ἀθηναῖοι,
1021 1145 1154 1232 ῥᾴδιον,

167 1247 214 1321 είς
249 1246 349 1310 ταύτὸ
382 1247 483 1309 πάνθ’
516 1246 579 1310 ὅσα
615 1248 768 1328 βούλεταί
798 1248 847 1324 τις
883 1249 1076 1331 ’ἁθροίσαντ’
1114 1250 1155 1314 ἐν
1227 1294 1228 1307 2

169 1348 283 1434 όλίγφ*
317 1344 449 1413 ἑλέσθαι
478 1349 523 1428 δ’,
559 1350 639 1413 ὅταν
670 1351 745 1432 περὶ
770 1353 972 1434 πραγμάτων
1003 1359 1155 1435 προτεθῇ

169 1462 310 1532 σκοπεῖν,
334 1453 444 1516 οὐκέθ’
462 1451 583 1535 ὁμοίως
604 1455 757 1535 εὔπορον,
782 1452 863 1516 ἀλλά
877 1454 929 1517 δεῖ
950 1454 991 1517 τά
1012 1457 1152 1536 βέλτιστ’

168 1557 241 1620 ἀντὶ
263 1564 328 1620 τῶν
350 1556 466 1637 ἡδέων,
498 1557 539 1622 διν
561 1556 604 1640 μὴ
630 1558 847 1641 συναμφότερ’
869 1554 940 1641 Q
958 1559 1150 1640 λαμβάνειν.

126 1661 198 1725 1εεί
220 1661 257 1724 δέ
279 1683 328 1735 τις
355 1661 435 1743 ἡμίν
463 1660 526 1743 έχει
548 1662 603 1724 καί
629 1661 671 1724 τδι
696 1660 842 1743 θεωρικά
865 1660 924 1729 ἐάν
946 1662 1002 1724 καὶ
1023 1664 1154 1744 πόρους

168 1765 299 1849 έτέρονς
331 1766 437 1847 λέγειν
465 1768 730 1848 στρατιωτικούς,
757 1764 824 1847 ὀὐχ
851 1762 948 1840 οὗτος
974 1767 1153 1848 κρείττων;

167 1873 254 1933 είτοι
286 1889 334 1945 τις
369 1873 420 1933 ἀν.
466 1869 544 1950 φήμ’
574 1864 689 1950 ἔγωγε,
712 1863 812 1950 ἐίπερ
836 1864 938 1947 ἐστιν’,
972 1865 1006 1930 ’ὦ
1030 1871 1153 1952 ἀνδρες

164 1969 349 2055 Ἀθηναῖοι·
384 1972 465 2035 ἀλλὰ
491 1973 668 2053 θαυμάζω,
684 1968 686 1973 ’
702 1974 735 2034 εί
757 1968 801 2057 τῴ
824 1976 894 2034 ποτ’
918 1970 1110 2054 ἀνθρώπων
1130 1972 1151 2054 ἢ

165 2076 271 2157 γέγον’
295 2074 314 2155 ἢ
338 2074 522 2157 γενήσεται,
554 2074 595 2138 ἂν
616 2075 657 2137 τά
685 2076 819 2157 παρόντ’
844 2071 1002 2157 ἀναλάσγγ
1022 2074 1108 2158 πρὸς
1131 2077 1153 2138 εἳ

167 2178 210 2260 μὴ
241 2180 306 2258 δεῖ,
334 2186 401 2241 τῶν
429 2178 580 2241 ἀπόντων
606 2173 787 2261 εὐπορῆσαι
815 2178 898 2261 πρὸς
919 2179 941 2239 οἳ
963 2179 1023 2241 δεῖ.
1069 2178 1152 2258 ἀλλ’,

166 2279 272 2363 οἶμαι,
305 2282 388 2364 μέγα
420 2291 489 2357 τοῖς
520 2283 683 2356 τοιούτοις
715 2280 854 2364 ὑπάρχει
887 2280 1042 2364 λόγοιςίγ
1071 2286 1151 2366 παρ’

167 2378 306 2455 ἑκάστου
320 2386 482 2467 βούλησις,
505 2384 620 2467 διόπερ
639 2382 760 2470 ῥᾷστον
774 2383 930 2447 ἀπάντων
944 2382 1033 2447 ἐστίν
1048 2382 1155 2449 αὑτὸν

167 2486 380 2570 ἐξαπατῆσαι·
404 2488 501 2571 ὃγὰρ
522 2489 683 2570 βούλεται,
706 2491 799 2550 τοῦθ’
815 2481 951 2563 ἕκαστος
965 2489 1022 2550 καὶ
1034 2490 1151 2567 οἴεται,

122 2593 205 2656 τοτα
228 2593 264 2655 δέ
286 2593 461 2673 πράγματα
483 2592 637 2666 πολλάκις
666 2592 725 2673 οὐχ
748 2591 835 2654 οὕτω
858 2591 1013 2674 πέφυκεν.
1040 2591 1145 2675 ·όράτ’

168 2691 238 2774 οὖν,
270 2691 436 2778 ὧάνδρες
455 2691 633 2777 Ἀθηναῖοι,
661 2697 757 2758 ταῦθ’
780 2694 896 2772 οὕτως,
921 2695 1011 2770 ὅπως
1031 2695 1086 2757 καί
1106 2696 1151 2757 τδι

166 2802 329 2881 πράγματ’
350 2798 513 2881 ἐνδέχεται
534 2799 591 2862 καί
613 2794 790 2879 δυνήσεσθ’
808 2796 927 2874 ἐξιέναι
949 2797 1005 2863 καί
1027 2798 1151 2879 μισθὸν

167 2901 259 2980 έἙετε.
291 2898 418 2967 οὔτοι
451 2904 636 2985 σωφρόνων
668 2901 748 2965 οὐδὲ
779 2902 942 2983 γενναίων
964 2894 1064 2966 ’ἐστὶν
1096 2901 1150 2969 ἀν-

167 3010 331 3091 θρώπων,
370 3007 541 3081 λείποντάς
573 3027 604 3068 τι
638 3006 680 3069 δι’
704 3005 844 3069 ἔνδειαν
870 3001 1046 3088 χρημάτων
1083 3013 1150 3068 τῶν

165 3121 224 3173 τοῦ
247 3105 553 3192 πολέμουέὐχερολς
574 3108 615 3171 τά
637 3110 761 3172 τοιαῦτ’
786 3108 896 3189 όνείδη
920 3110 1044 3191 φέρειν,
1074 3108 1147 3176 οὐδ’

166 3216 219 3280 ἐπί
248 3218 309 3297 μὲν
338 3217 541 3298 Κορινθίους
567 3216 623 3277 καὶ
652 3218 828 3297 Μεγαρέας
862 3214 1073 3297 ἁρπάσαντας
1106 3213 1146 3276 τὰ

168 3319 250 3381 ὅπλα
284 3310 500 3402 πορεύεσθαι,
543 3320 707 3382 Φίλιππον
738 3318 773 3381 δ’
808 3318 867 3381 έάν
902 3317 1012 3393 πόλεις
1039 3313 1147 3399 ‘Enna

168 3423 263 3497 νίδας
278 3421 576 3505 ἀνδραποδίζεσθαι
598 3422 640 3483 δι’
658 3422 800 3505 ἀπορίαν
814 3420 958 3504 ἐφοδίων
972 3430 1041 3498 τοῖς
1056 3438 1147 3506 στρα·

167 3525 364 3605 πενομένοις.
939 3513 960 3525 ”
1047 3562 1051 3569 «
