2484 3992
173 217 215 280 22
453 218 496 282 ΙΙ.
520 220 878 282 ΔΗΜΟΣῸΕΝΟῬΣ

169 404 355 486 Εὐβοεῦσιν
377 406 625 491 βεβοηθηκότες,
652 407 708 470 καί
730 414 884 491 παρῆσαν
902 403 1153 491 Ἀμφιπολιτῶν

162 503 266 591 Ἱέραξ
288 509 344 571 καὶ
360 512 567 595 Στρατοκλῆς
589 511 643 575 ἐπὶ
664 510 757 574 τουτὶ
778 511 815 574 τὸ
837 512 937 593 βήμα,
959 513 1154 590 κελεύοντες

169 611 253 693 ήμάς
273 615 367 676 πλεῖν
387 615 443 677 καὶ
465 616 735 699 παραλαμβάνειν
756 614 816 695 τήν
837 616 943 694 πόλιν,
966 613 1027 696 τήν
1042 615 1154 698 αὐτὴν

169 717 377 799 παρειχόμεθ’
393 717 485 800 ἡμεῖς
500 719 583 801 ὑπὲρ
598 719 692 801 ήμῶν
708 717 818 781 αὐτῶν
832 721 1027 800 προθυμίαν
1040 720 1151 804 ήνπερ

170 819 253 898 ὑπὲρ
279 829 336 901 τῆς
364 822 522 904 Εὐβοέων
550 824 728 905 σωτηρίας,
762 825 852 904 εἴχετ’
884 821 926 884 ἂν
952 819 1153 905 Ἀμφίπολιν

170 923 242 986 τότε
264 923 320 985 καὶ
340 926 474 988 πάντων
495 936 561 990 τῶν
576 926 658 1007 μετὰ
672 921 762 987 ταῦτ’
781 925 823 987 ἂν
840 920 887 1004 ὐπ’
904 925 1155 1007 ἀπηλλαγμένοι

140 1027 377 1108 οπραγμάτων.
400 1029 456 1091 καὶ
467 1032 565 1093 πάλιν
576 1028 1151 1111 ήνίκαΠύύναΠοτείδαιαΜεθώνη

171 1133 335 1213 Παγασαί,
358 1135 455 1212 πάλλ’,
479 1132 534 1195 ἵνα
556 1133 599 1215 μή
622 1135 697 1195 καθ’
711 1130 830 1195 ἕκαστα
853 1133 956 1213 λέγων
979 1133 1152 1215 διατρίβων

169 1237 414 1318 πολιορκούμεν’
432 1236 656 1319 ἀπηγγέλλετο,
679 1237 708 1298 εί
719 1236 791 1299 τότε
806 1237 932 1298 τούτων
944 1236 993 1299 ἑνί
1005 1246 1051 1319 τῷ
1063 1239 1152 1320 πρώ·

169 1360 215 1423 τφ
236 1341 417 1421 προθύμως
439 1340 494 1401 καὶ
511 1338 553 1414 ὡς
567 1341 702 1422 προσῆκ’
719 1338 946 1420 ἐβοηθήσαμεν
966 1340 1072 1417 αὐτοί,
1097 1340 1152 1425 ῥηί-

171 1465 222 1505 ονι
232 1443 286 1504 καὶ
296 1444 380 1505 πολὺ
392 1444 608 1528 ταπεινοτέρῳ
618 1452 683 1506 νῦν
694 1443 735 1504 άν
747 1442 916 1525 ἐχρώμεθα
928 1452 972 1527 τῷ
983 1445 1148 1528 Φιλίππῳ.

170 1555 235 1608 νῦν
257 1545 294 1608 δὲ
316 1545 353 1608 τὸ
375 1546 435 1628 μέν
463 1547 571 1629 παρὸν
593 1547 644 1610 ἀεὶ
665 1547 862 1627 προϊέμενοι,
885 1547 926 1607 τά
941 1547 977 1608 δὲ
1000 1545 1150 1627 μέλλοντ’

170 1647 325 1730 αὐτόματ’
344 1650 488 1730 οἰόμενοι
504 1650 635 1732 σχήσειν
649 1652 754 1724 καλῶς
776 1647 971 1731 ηὐξήσαμεν,
987 1646 1014 1711 ὦ
1029 1651 1153 1734 ἄνδρες

169 1747 349 1833 Ἀθηναῖοι,
359 1754 522 1816 Φίλιππον
532 1751 621 1834 ἡμεῖς
630 1753 683 1814 καὶ
694 1752 935 1833 κατεστήσαμεν
943 1755 1151 1834 τηλικοῦτον,

170 1855 281 1937 ἡλίκος
304 1857 413 1932 οὐθείς
426 1877 478 1919 πω
500 1858 653 1937 βασιλεὺς
674 1857 808 1936 γέγονεν
824 1857 1043 1929 Μακεδονίας.
1072 1860 1153 1921 νυνί

173 1958 213 2040 δή
237 1960 350 2040 καιρὸς
372 1959 443 2042 ήκει
458 1982 507 2034 τις
522 1957 618 2034 οὗτος
641 1960 659 2022 ὁ
682 1969 748 2023 τῶν
760 1956 940 2023 Ὀλυνθίων
962 1957 1152 2043 αὐτόματος

171 2069 211 2145 τῇ
244 2064 350 2142 πόλει,
384 2064 421 2139 ὃς
447 2064 584 2138 οὐθενός
606 2063 694 2127 ἐστιν
722 2062 863 2126 ἐλάττων
892 2072 957 2127 τῶν
979 2066 1151 2146 προτέρων

131 2183 161 2230 10
172 2167 313 2231 ἐκείνων.
337 2169 392 2230 καὶ
415 2168 523 2249 ἔμοιγε
547 2169 640 2230 δοκεῖ
656 2190 705 2242 τις
720 2171 771 2246 ἄν,
795 2164 954 2248 ὠάνθρες
965 2165 1151 2249 Ἀθηναῖοι,

173 2272 299 2346 δίκαιος
321 2271 471 2353 λογιστὴς
494 2280 560 2334 τῶν
580 2272 672 2350 παρὰ
694 2280 760 2333 τῶν
781 2276 872 2334 θεῶν
893 2271 972 2352 ἡμῖν
986 2270 1150 2354 ὑπηρετη-

84 2440 88 2447 ,
173 2376 281 2455 μένων
303 2376 474 2452 καταστάς,
498 2377 614 2456 καίπερ
637 2374 699 2436 οὐκ
722 2374 863 2456 ἐχόντων
886 2373 929 2448 ὡς
943 2375 998 2437 δεῖ
1009 2377 1152 2454 πολλῶν,

174 2477 261 2558 ὅμως
281 2480 425 2559 μεγάλην
450 2478 490 2540 ἂν
513 2478 595 2559 ἔχειν
611 2480 723 2551 αὐτοῖς
737 2479 842 2558 χάριν,
865 2476 1012 2551 εἰκότως·
1037 2477 1152 2559 τὸμὲν

172 2581 235 2663 γὰρ
263 2582 352 2644 πόλλ’
377 2582 615 2645 ἀπολωλεκέναι
643 2581 726 2643 κατὰ
747 2581 805 2644 τὸν
832 2582 975 2661 πόλεμον
996 2590 1053 2663 τής
1076 2581 1150 2663 ήμε-

173 2686 268 2767 τέρας
291 2685 441 2766 άμελείας
456 2687 498 2748 ἄν
512 2708 560 2759 τις
573 2687 648 2765 θείη
665 2685 808 2762 ὐικαίως,
830 2684 868 2747 τὸ
889 2685 926 2748 δέ
947 2684 1027 2765 μήτε
1048 2687 1152 2749 πάλαι

173 2798 272 2851 τοῦτο
293 2790 495 2853 πεπονθέναι
516 2791 699 2872 πεφηνέναι
720 2790 756 2852 τέ
777 2791 837 2852 τιν’
859 2788 938 2870 ἡμῖν
961 2793 1152 2873 συμμαχίαν

173 2893 300 2955 τούτων
323 2892 528 2976 ἀντίρροπον,
554 2893 595 2955 ἂν
609 2894 807 2973 βουλώμεθα
821 2896 972 2973 χρῆσθαι,
995 2902 1052 2974 της
1074 2897 1151 2976 παρ’

133 3011 162 3058 11
174 2995 307 3058 ἐκείνων
319 2996 449 3071 εὐνοίας
460 2995 645 3077 εὐεργέτημ’
660 2996 701 3057 ἂν
714 2996 814 3076 ἔγωγε
823 2995 929 3077 θείην.
953 2995 1031 3073 ἀλλ’,
1048 2993 1150 3078 οἶμαι,

173 3099 359 3181 παρόμοιόν
370 3098 458 3162 ἐστιν
468 3100 523 3160 καὶ
545 3100 619 3181 περὶ
640 3107 698 3179 της
719 3106 785 3161 τόν
804 3099 978 3180 χρημάτων
993 3098 1149 3179 κτήσεως·
1222 3156 1223 3191 ,

176 3201 217 3264 άν
238 3202 298 3283 μέν
319 3202 393 3283 γάρ,
418 3202 464 3264 όσ’
482 3204 524 3264 άν
538 3223 586 3275 τις
608 3203 700 3284 λάβῃ,
724 3204 780 3264 καί
803 3198 904 3285 σφ’ση,
927 3203 1072 3284 μεγάλην
1088 3203 1149 3284 ἔχει

176 3313 213 3387 τή
236 3306 315 3387 τύχη
331 3304 392 3385 τήν
405 3307 510 3387 χάριν,
535 3305 576 3367 ἂν
590 3305 618 3367 δ’
633 3305 804 3379 ἀναλώσας
818 3307 915 3387 λάθη,
940 3305 1149 3387 συνανήλωσε

175 3406 289 3469 καὶτὸ
313 3411 499 3488 μεμνήσθαι
520 3407 580 3487 τήν
601 3408 707 3489 χάριν.
742 3408 797 3469 καὶ
819 3407 893 3489 περὶ
916 3414 982 3469 τῶν
1003 3409 1149 3490 πραγμά·
1222 3444 1223 3447 ¹

175 3532 241 3574 των
263 3511 367 3583 οὕτως
389 3509 421 3572 ολ
442 3509 486 3591 μή
502 3512 699 3592 χρησάμενοι
713 3521 782 3586 τοῖς
795 3520 922 3594 καιροῖς
936 3509 1055 3593 ὀρθῶς,
1078 3509 1147 3575 οὐδ’
