2484 3992
489 212 704 265 rainelmo.
1026 214 1077 279 xl

94 411 325 487 superessent.
371 401 490 486 Itaque
513 424 588 466 cum
611 401 858 468 Demosthenes
882 401 1078 469 duodevice·

95 507 220 569 simum
243 526 368 574 annum
395 505 569 588 attigisset
593 506 711 589 suique
736 506 818 569 iuris
842 506 953 570 factus
978 515 1078 588 esset,

93 610 208 693 prima
231 608 303 671 eius
326 608 390 671 fuit
421 629 520 689 cura,
549 616 586 671 ut
615 606 705 672 hona
735 607 801 673 sihi
826 611 998 695 sororique
1021 609 1079 676 ab·

92 719 195 796 repta
223 720 405 796 repeteret3
440 710 568 775 idcirco
591 710 771 795 Aphobum
802 715 837 777 in
866 715 918 777 ius
942 716 1079 779 vocavit

94 825 201 900 atque
234 822 271 878 ut
306 813 421 879 decem
448 812 589 879 talentis
618 837 693 880 eum
723 816 854 882 iudices
885 815 1078 897 multarent,

94 918 294 1002 impetravit
309 915 453 1002 quidem,
476 926 589 982 tamen
614 919 685 1002 ipse
700 939 809 1003 neque
831 917 875 982 ab
892 919 954 983 hoc
970 941 1078 1005 neque

95 1043 120 1086 a
150 1022 271 1085 ceteris
302 1018 432 1085 duobus
462 1022 639 1105 quicquam
667 1022 831 1105 pecuniae
860 1043 1079 1107 recuperasse

94 1123 245 1188 videtur.

202 1226 267 1289 His
289 1224 448 1289 videlicet
471 1224 623 1291 molestis
646 1228 793 1310 negotiis
817 1236 1019 1311 commotus,
1041 1238 1078 1294 ut

93 1331 172 1416 ipsc
187 1350 327 1394 causam
343 1328 434 1413 apud
449 1329 579 1394 iudices
596 1350 698 1413 agere
713 1340 840 1415 posset,
864 1333 931 1396 iam
947 1333 1077 1396 iuvenis

93 1440 207 1496 totum
236 1452 272 1494 se
301 1430 445 1495 contulit
475 1432 519 1496 ad
548 1431 697 1497 studium
720 1433 948 1519 eloquentiae3
982 1457 1079 1521 quem

93 1534 144 1599 ad
167 1534 267 1598 finem
291 1556 358 1598 non
382 1533 496 1600 ‘solum
525 1534 687 1601 audiebat
718 1547 887 1620 oratores,
921 1541 977 1623 qui
1007 1548 1078 1604 tum

92 1636 279 1703 clarissimi
308 1636 522 1703 habebantur
551 1640 586 1702 in
613 1639 750 1705 iudiciis
777 1640 833 1705 vel
863 1642 898 1705 in
921 1643 1078 1707 contione

92 1740 222 1827 populi,
246 1741 305 1805 sed
322 1741 425 1806 etiam
441 1741 623 1827 disciplina
639 1751 672 1807 et
688 1743 903 1808 institutione
918 1743 1078 1811 utebatur

93 1845 254 1924 oratoris,
278 1847 335 1930 qui
358 1866 397 1909 eo
420 1854 569 1930 tempore
593 1867 723 1910 summa
739 1845 839 1912 laude
855 1846 966 1912 floruit
982 1869 1077 1933 prae-

92 1948 262 2032 cipueque
284 1949 320 2011 in
335 1947 452 2014 litibus
467 1947 682 2013 hereditariis
696 1952 865 2014 orationes
881 1973 948 2016 non
960 1951 1078 2017 habuit
1108 1988 1118 1999 ·

93 2050 248 2136 quidem,
277 2060 312 2116 at
336 2051 413 2117 aliis
444 2051 619 2117 habendas
643 2053 800 2136 confecit,
827 2055 928 2119 Isaci.
974 2053 1077 2121 Cuius

95 2153 301 2240 disciplinae
334 2177 402 2220 non
436 2154 560 2220 absunt
593 2157 741 2239 vestigia
775 2158 810 2220 in
838 2156 1077 2223 Demosthenis

95 2258 325 2340 orationihus,
360 2254 521 2344 imprimis
552 2260 611 2341 iis,
646 2280 732 2344 quae
758 2269 878 2323 contra
900 2259 1077 2344 Aphobum

94 2362 245 2446 scriptae
266 2360 367 2426 hodie
391 2371 580 2447 supersunt.
614 2362 797 2427 Praeterea
812 2363 976 2427 Isocratis
999 2385 1076 2430 ora-

92 2467 205 2530 tiones
218 2463 491 2550 Thucydidisque
503 2464 681 2530 historiam
693 2464 875 2548 diligenter
890 2487 965 2529 eum
981 2464 1076 2531 lecti·

93 2575 190 2631 tasse
205 2567 482 2633 verisimillimum
506 2578 567 2650 est,
591 2589 698 2653 neque
713 2567 795 2633 licet
812 2567 971 2650 dubitari,
992 2570 1073 2654 quin

95 2670 821 2753 omniumviriumcontentionesedederitl‘)
839 2675 1076 2740 exercitationi

98 2774 288 2852 oratoriaeq
301 2794 502 2858 quamquam
517 2776 715 2839 notissimae
728 2773 809 2839 illae
820 2772 979 2857 fabellae,
992 2797 1078 2861 quae

97 2898 117 2940 a
140 2874 338 2961 biographis
363 2874 505 2942 Graecis
530 2877 817 2964 scriptoribusque
838 2878 973 2944 Latinis
997 2902 1076 2944 nar·

97 2989 217 3044 rantur
233 2978 275 3044 de
299 2980 485 3046 studiorum
509 2981 581 3045 eius
604 2980 747 3062 ratione,
770 2981 933 3045 minorem
949 2980 1076 3048 habent

96 3080 196 3146 fidem
220 3103 319 3167 quam
343 3104 399 3163 ea,
423 3104 509 3168 quae
533 3080 691 3147 devitiis
716 3081 916 3167 quibusdam
938 3082 1076 3166 linguae

99 3193 132 3249 et
143 3182 287 3249 laterum
297 3185 532 3251 imbecillitate
544 3185 642 3251 multi
653 3187 834 3251 memoriae
844 3186 1075 3271 prodiderunt.

200 3338 226 3404 l)
243 3339 332 3404 Ipsius
343 3340 532 3390 Demosthenis
545 3340 578 3390 de
591 3355 620 3390 sa
631 3341 713 3390 verba
731 3340 806 3390 affert
817 3339 911 3390 Cicero
929 3340 1017 3405 (Tusc.
1027 3341 1075 3391 IV.

99 3424 138 3486 19,
148 3422 205 3489 44):
226 3424 330 3484 „dolere
348 3441 377 3475 se
394 3426 490 3488 aiebat,
510 3426 533 3474 si
551 3427 657 3491 quando
676 3425 800 3491 opificum
818 3425 977 3476 antelucana
988 3427 1075 3476 victus

98 3516 167 3561 esset
184 3510 341 3561 industria.“
