2484 3992
184 228 205 291 2
470 223 497 288 I.
520 220 881 287 ΔΗΜΟΣΘΕΝΟΤΣ

185 438 269 503 quos
300 436 342 479 ne
372 412 418 480 ad
449 412 708 478 Atheniensium
746 431 782 473 se
812 409 1026 495 applicarent
1064 411 1184 477 socie·

187 527 310 602 tatem,
337 516 474 581 foedere
501 535 615 581 secum
644 513 830 577 coniunxit.
875 512 1008 578 Deinde
1034 512 1185 600 Illyrios

187 633 222 688 et
249 621 416 702 Paeones,
440 640 516 684 cnm
540 620 661 683 iterum
684 614 810 681 bellum
832 627 1070 702 apparassent,
1105 618 1184 682 sin-

187 725 285 810 gulos
312 723 495 807 adgressus
522 721 714 807 perdomuit
738 718 949 806 castellaque
975 722 1185 786 communiit

188 830 223 894 in
262 847 376 892 eorum
415 823 557 906 finibus,
595 822 674 887 inde
712 843 788 887 cum
831 843 926 888 arma
962 822 1101 887 tulisset
1145 824 1184 887 in

186 930 383 1012 Thraciam,
433 927 569 992 rediens
613 924 814 1008 Mothonen,
864 947 952 1012 quae
1000 924 1081 990 urbs
1132 926 1184 991 ad

189 1037 299 1101 sinum
321 1030 556 1097 Thermaicum
586 1031 654 1095 sita
676 1027 812 1093 foedere
841 1030 973 1096 sociata
996 1038 1070 1095 erat
1096 1051 1182 1094 cum

188 1133 468 1217 Atheniensibus,
502 1142 685 1218 antequam
718 1129 840 1196 classis
862 1130 1007 1198 Athenis
1042 1131 1182 1197 anxilio

188 1242 293 1306 missa
330 1238 550 1319 adventaret,
588 1236 799 1322 expugnavit
833 1234 934 1317 (353).
980 1235 1056 1318 Qua
1089 1235 1183 1300 urbe

189 1346 318 1431 potitus
343 1343 441 1428 quasi
458 1340 589 1405 aditum
612 1337 680 1403 sibi
702 1339 863 1424 patefecit
886 1338 932 1404 ad
947 1338 1179 1405 Thessaliam.

188 1447 241 1513 Ibi
256 1443 437 1511 discordiis
451 1443 578 1508 exortis
591 1442 682 1507 inter
695 1443 878 1528 principes,
894 1444 951 1528 qui
964 1441 1182 1526 singularum

189 1549 323 1616 urbium
345 1546 508 1612 tenebant
525 1545 675 1632 imperia,
698 1543 882 1611 Pherarum
897 1547 1036 1632 tyranni
1061 1549 1181 1612 socios

191 1652 257 1718 sibi
287 1649 506 1717 adsciverant
528 1646 730 1713 Phocenses.
775 1645 904 1713 Contra
933 1669 1016 1734 quos
1041 1649 1180 1715 auxilio

190 1755 374 1822 arcessitus
408 1751 599 1838 Philippus,
632 1759 812 1838 postquam
845 1773 921 1817 cum
955 1753 1110 1818 exercitu
1144 1755 1182 1818 in

190 1856 405 1925 Thessaliam
428 1858 603 1939 ingressus
628 1862 697 1936 est,
725 1854 823 1919 initio
845 1853 936 1919 male
960 1877 1032 1920 rem
1054 1859 1182 1939 gessit,

190 1971 308 2050 postea
331 1982 407 2028 cum
436 1959 582 2025 maiores
616 1958 787 2042 coegisset
821 1958 949 2044 copias,
982 1958 1181 2025 Phocenses

1224 1284 1226 1419 l

191 2067 366 2153 ipsumque
395 2061 516 2127 ducem
539 2059 789 2151 Onomarchum
819 2060 972 2127 devictos
1002 2061 1048 2127 ad
1070 2063 1180 2128 inter·
1223 2066 1224 2103 l

190 2168 367 2234 necionem
397 2163 553 2230 adduxit.
599 2161 706 2228 Simul
735 2172 772 2227 ut
795 2162 978 2229 Thessalos
1002 2164 1114 2231 socios
1141 2167 1180 2230 in

191 2270 259 2336 fide
286 2269 475 2334 contineret
507 2275 610 2353 atque
634 2287 693 2330 ora
716 2267 885 2332 maritima
907 2268 1085 2352 potiretur,
1109 2267 1178 2333 Pa·
1223 2258 1224 2273 ¹

192 2395 296 2460 gasas
325 2372 505 2456 occupavit
533 2379 566 2435 et
590 2371 626 2435 in
648 2368 826 2453 Magnesia
849 2369 1049 2455 paeninsula
1077 2392 1179 2456 prae·

193 2475 282 2542 sidia
306 2476 483 2562 disposuit.
528 2471 618 2553 Quin
642 2474 746 2538 etiam
769 2474 804 2537 in
828 2470 1008 2539 Graeciam
1031 2483 1179 2539 conatus

193 2590 245 2646 est
268 2578 446 2645 traducere
470 2579 656 2643 exercitum
670 2597 809 2642 causam
828 2577 1046 2663 interponens
1071 2580 1178 2643 sacri·

192 2684 344 2769 legorum
379 2681 602 2748 Phocensium
635 2679 796 2767 reliquias
836 2680 901 2747 sibi
939 2703 1013 2747 esse
1046 2682 1177 2745 exstin-

192 2785 362 2873 guendas3
400 2795 436 2851 at
469 2785 645 2870 quominus
684 2806 745 2849 rex
783 2785 850 2849 iam
887 2793 959 2849 tum
995 2782 1177 2849 consilium
1223 2840 1224 2849 ,

195 2911 290 2957 sunm
313 2898 563 2974 exsequeretur,
586 2886 888 2974 Thermopylarum
909 2886 1065 2953 faucibus
1089 2887 1177 2953 cele·

194 2997 277 3062 riter
293 2993 466 3079 occupatis
482 2990 729 3078 impediverunt
740 2989 966 3057 Athenienses
984 2988 1084 3072 (352).
1109 2989 1178 3056 Sed

194 3120 270 3166 cum
293 3107 395 3162 antea
415 3095 476 3177 illi,
500 3118 565 3182 qua
582 3106 679 3160 erant
697 3096 841 3179 segnitie
858 3095 1073 3180 ignaviaque,
1097 3115 1177 3179 quo

197 3204 427 3285 tienscumque
443 3198 574 3264 auxilia
590 3199 693 3264 sociis
709 3199 843 3263 mittere
855 3198 1113 3278 constituerant,
1133 3196 1177 3262 ad

195 3314 325 3390 tempus
348 3325 416 3369 non
438 3302 641 3384 adfuissent,
663 3301 790 3368 factum
813 3311 897 3383 erat,
924 3302 1052 3366 utiam
1074 3323 1117 3365 ne
1142 3303 1175 3365 in

196 3409 281 3473 mari
297 3405 442 3491 quidem,
457 3407 553 3472 cuius
570 3426 733 3470 summum
744 3405 919 3490 imperium
934 3402 980 3469 ad
995 3404 1031 3468 id
1046 3413 1175 3488 tempus

199 3508 417 3575 obtinuerant
442 3509 508 3594 ipsi
533 3529 642 3593 neque
664 3506 752 3573 alius
775 3507 951 3592 quisquam
974 3516 1174 3588 tentaverat,
