2484 3992
358 226 468 292 HEPI
490 231 585 292 ΤΗΣ
605 231 822 292 ΕΙΡΗΝΗΣ.
1035 228 1077 290 55

90 427 236 502 πρᾶγμα
271 420 370 502 φύσει
401 418 554 485 τοιοῦτόν
586 418 691 480 ἐστιν·
726 417 788 479 ούκ
821 421 895 499 ἄχρι
923 426 979 498 τής
1008 420 1079 499 ἴσης
1091 434 1120 481 17

91 522 237 598 ἕιιαστός
258 521 347 586 ἐστιν
376 524 494 597 εὔνους
524 518 597 585 οὔθ’
621 521 701 603 ήμῖν
724 524 799 585 ούτε
825 523 990 603 Θηβαίοις,
1015 529 1079 597 σῶς

90 631 121 690 τ’
149 623 236 691 εἶναι
257 626 313 688 καί
334 635 466 711 κρατεῖν
487 633 553 689 τῶν
576 628 693 704 ἄλλων,
723 625 803 687 ἀλλά
828 633 891 699 σῶς
913 625 973 706 μὲν
994 620 1079 688 εἶναι

91 732 220 804 πάντες
243 729 284 792 ἂν
311 731 482 811 βούλοινθ’
511 728 590 812 ἕνεχ’
622 730 747 801 αὐτῶν,
781 729 1007 811 κρατήσαντας
1040 728 1077 791 δὲ

91 834 180 908 τοὺς
201 831 331 917 ἑτέρους
352 833 513 907 δεσπότας
534 833 693 915 ὑπάρχειν
715 832 825 895 αὑτῶν
847 833 926 896 ούδὲ
948 830 1003 906 εἰς.
1047 836 1080 897 τί

94 933 166 999 οὖν
186 935 330 1017 ήγούμαι
353 936 494 1019 φοβερὸν
522 936 579 998 καί
599 938 633 999 τί
654 933 863 1018 φυλάξασθαι
887 936 957 998 δεῖν
979 935 1079 1018 ήμῶς,

93 1039 143 1121 μὴ
180 1038 295 1120 κοινήν
321 1039 489 1123 πρόφασιν
518 1038 574 1101 καλ
602 1038 715 1102 κοινὸν
744 1038 877 1119 ἔγκλημ’
907 1038 925 1100 ό
954 1039 1079 1118 μέλλων
1121 1042 1125 1047 “

91 1143 237 1224 πόλεμος
269 1143 351 1226 πρὸς
384 1142 531 1217 ἅπαντας
563 1144 655 1225 λάβη.
700 1142 729 1205 εί
755 1141 819 1224 γάρ
847 1138 986 1223 Ἀργεῖοι
1013 1142 1073 1224 μὲν
1086 1159 1115 1207 18

92 1246 154 1309 καῖ
190 1245 374 1326 Μεσσήνιοι
406 1245 462 1307 καί
494 1247 760 1327 Μεγαλοπολῖται
794 1246 851 1308 καί
885 1266 971 1319 τινες
1007 1250 1075 1309 τῶν

94 1352 224 1412 λοιπῶν
241 1348 524 1430 Πελοποννησίων,
548 1348 620 1411 ὅσοι
634 1347 738 1411 ταύτά
760 1349 889 1423 τούτοις
904 1357 1078 1430 φρονοῦσι,

94 1453 156 1515 διὰ
192 1453 253 1534 τήν
293 1453 374 1531 πρὸς
407 1452 693 1533 Λακεδαιμονίους
728 1451 807 1533 ήμῖν
844 1451 1077 1533 ἐπικηρυκείαν

95 1558 225 1641 ἐχθρῶς
259 1557 415 1640 σχήσουσι
440 1559 496 1621 καί
524 1558 561 1620 τὸ
589 1559 698 1621 δοκεῖν
731 1556 922 1638 ἐκδέχεσθαί
948 1580 979 1619 τι
1012 1568 1079 1622 τῶν
1159 1552 1161 1557 ’

96 1660 238 1735 ἐκείνοις
264 1661 515 1743 πεπραγμένων,
552 1661 691 1742 Θηβαῖοι
725 1661 754 1723 δ’
783 1661 893 1741 ἔχουσι
926 1661 1002 1742 μέν,
1037 1660 1080 1737 ὡς

96 1765 261 1845 λέγουσιν,
285 1763 443 1845 ἀπεχθῶς,
465 1763 513 1826 ἔτι
535 1763 564 1825 δ’
588 1762 788 1845 ἐχθροτέρως
809 1763 1002 1843 σχήσουσιν,
1031 1764 1079 1826 ὅτι

96 1866 179 1941 τοὺς
211 1869 292 1948 παρ’
326 1865 460 1929 ἐκείνων
493 1867 676 1948 φεύγοντας
709 1863 852 1949 σφ’ζομεν
884 1866 940 1928 καί
971 1867 1080 1928 πάντα

96 1972 223 2054 τρόπον
244 1970 305 2051 τήν
326 1970 523 2050 δυσμένειαν
537 1969 759 2051 ἐνδεικνύμεθ’
777 1970 897 2047 αὐτοῖς,
924 1971 1078 2033 Θετταλοί
1091 1986 1121 2032 19

98 2073 141 2154 δ’,
166 2074 215 2137 ύιι
237 2074 316 2148 τοὺς
338 2074 481 2137 Φωκέων
504 2073 657 2156 φυγάδας
680 2074 831 2158 σῴζομεν,
857 2076 1016 2147 Φίλιππος
1038 2074 1079 2154 δ’,

99 2178 151 2240 ὅτι
188 2177 357 2257 κωλύομεν
394 2176 495 2239 αὐτὸν
534 2185 706 2239 κοινωνεῖν
741 2185 798 2257 τής
831 2177 1079 2259 ἀμφικτυονίας,

98 2280 267 2362 φοβοῦμαι
288 2278 333 2360 μή
355 2281 488 2358 πάντες,
520 2280 595 2361 περί
621 2288 687 2341 τῶν
717 2279 811 2341 ίδίων
839 2277 974 2353 ἕκαστος
996 2279 1079 2361 ὀργι-

99 2384 249 2464 ζόμενος,
278 2382 390 2447 κοινὸν
412 2381 469 2465 ἐφ’
491 2383 577 2465 ήμιῖς
606 2381 753 2463 ἀγάγωσι
781 2382 840 2445 τὸν
866 2384 1008 2463 πόλεμον
1041 2385 1081 2446 τὰ

98 2496 167 2551 τῶν
186 2484 434 2569 Ἀμφικτυόνων
456 2486 603 2568 δόγματα
626 2488 901 2569 προστησάμενοι,
932 2483 993 2550 εἶπ’
1017 2486 1080 2550 ἐπι-

99 2595 293 2653 σπασθῶσιν
323 2589 454 2653 ἕκαστοι
481 2590 565 2673 πέρᾳ
598 2599 659 2653 τοῦ
695 2591 919 2672 συμφέροντος
942 2590 1080 2669 ἑαυτοῖς,

100 2696 209 2777 ὥσπερ
231 2694 382 2776 καὶπερὶ
406 2693 551 2767 Φωκέας.
596 2696 664 2756 ἴστε
686 2694 749 2775 γὰρ
772 2694 880 2775 δήπου
902 2690 1007 2771 τοῦθ’,
1031 2694 1123 2757 δτιεο

98 2808 164 2863 νῦν
188 2798 325 2879 Θηβαῖοι
348 2797 403 2859 καί
429 2798 589 2871 Φίλιππος
610 2796 666 2859 καί
691 2798 860 2875 Θετταλοί,
890 2798 962 2878 ούχί
983 2797 1079 2860 ταῦθ’

100 2900 232 2965 ἕκαστοι
254 2903 380 2981 μάλιστ’
403 2899 651 2978 ἐσπουδακότες,
674 2895 778 2962 ταύτὰ
793 2901 912 2973 πάντες
927 2899 1078 2982 ἔπραξαν,

97 3003 171 3068 οῖον
182 3005 319 3087 Θηβαῖοι
330 3003 388 3068 τὸν
399 3003 458 3086 μὲν
468 3007 631 3067 Φίλιππον
641 3007 817 3086 παρελθεῖν
828 3005 882 3066 καὶ
894 3004 1005 3084 λαβεῖν
1016 3005 1074 3078 τὰς

100 3108 269 3192 παρόδους
290 3109 352 3172 ούκ
374 3107 534 3171 ἐδύναντο
557 3111 710 3187 κωλῦσαι,
734 3107 814 3170 οὐδέ
828 3130 865 3189 γε
879 3115 946 3170 τῶν
964 3106 1075 3181 αὐτοῖς

99 3215 336 3294 πεπονημένων
357 3214 500 3276 ὕστατον
522 3212 663 3276 ἐλθόντα
685 3211 744 3293 τήν
767 3211 867 3289 δόξαν
883 3212 980 3292 ἔχειν·
1003 3212 1122 3274 νυνίει

100 3317 163 3399 γάρ
195 3316 351 3397 Θηβαίοις
382 3315 464 3400 πρὸς
496 3315 556 3396 μὲν
588 3315 626 3379 τὸ
657 3316 718 3397 τήν
750 3319 859 3397 χῶραν
887 3317 1080 3396 κεκομίσθαι

100 3421 283 3503 πέπρακταί
303 3442 349 3499 τι,
384 3418 465 3502 πρὸς
494 3419 531 3482 δὲ
563 3418 661 3500 τιμήν
693 3419 749 3481 καί
782 3415 882 3494 δόξαν
916 3421 1080 3500 αἴσχιστα·

100 3524 130 3586 εί
151 3522 215 3605 γάρ
238 3522 281 3604 μή
304 3525 451 3605 παρῆλθε
477 3521 647 3599 Φίλιππος,
671 3520 770 3584 οὐδὲν
793 3520 831 3583 ἀν
857 3521 968 3593 αὐτοῖς
990 3520 1082 3583 δοκεῖ
