2484 3992
400 214 703 276 ΟΛῬΝΘΙΑΚΟΣ
720 215 756 276 Γ.
1041 209 1082 275 41

99 401 300 485 παραβάντα
332 399 376 482 μη
404 400 523 466 δοῦναι
552 400 663 484 δίκην,
695 400 772 483 μηδ’
800 399 905 475 οὕτως
937 398 1086 482 ἀνόητον,

102 503 182 567 ὥστ’
207 504 254 579 εἰς
274 513 445 587 προῦπτον
465 504 569 570 κακόν
591 503 693 569 αὑτὸν
715 502 875 587 ἐμβαλεῖν.

203 607 253 671 Οὐ
285 606 351 690 μὴν
382 606 454 672 οὐδ’
488 606 595 673 ἐιιεῑνό
627 610 659 690 γ’,
686 605 772 690 ὑμεῖς
801 606 933 690 ἀγνοεῖν
965 607 1025 686 δεῖ,
1059 602 1128 671 δεῖ

103 709 226 794 ἄνδρες
244 706 430 794 Ἀθηναῖοι,
461 712 511 776 ότι
537 711 678 796 ψήφισμ’
706 709 841 786 οὐδενὸς
870 707 962 787 άξιόν
988 709 1086 789 ἐστιν,

103 806 149 877 ἂν
170 812 215 895 μὴ
243 818 460 898 προσγένηται
481 815 519 879 τό
540 824 648 880 ποιεῖν
668 814 794 879 ἐθέλειν
820 817 860 878 τά
881 836 919 897 γε
945 809 1087 889 δόξαντα

103 917 298 998 προθύμως.
331 917 362 981 εί
382 917 446 1002 γὰρ
469 916 615 1002 αὐτάρκη
639 917 679 981 τὰ
701 918 881 1000 ψηφίσματ’
895 912 939 997 Qv
959 916 979 997 Q
1002 915 1087 998 ὑμεῖς

105 1018 302 1101 ἀναγκάζειν
324 1021 345 1083 δ
366 1019 523 1105 προσήκει
551 1022 707 1104 πράττειν
727 1018 747 1102 Q
770 1019 846 1103 περὶ
877 1018 925 1083 ὧν
944 1019 1086 1103 γραφείη

105 1120 367 1206 διαπράξασθαι,
401 1126 471 1189 οὔτ’
505 1124 548 1190 ἂν
578 1123 687 1207 ὑμεῖς,
719 1124 823 1188 πολλὰ
861 1124 1085 1205 ψηφιζόμενοι,

106 1228 224 1310 μικρά,
252 1229 376 1309 μάλλον
402 1228 432 1290 δ’
461 1227 561 1293 οὐδὲν
587 1226 759 1312 ἐπράττετε
780 1229 908 1292 τούτων
930 1227 1006 1289 οὔτε
1030 1227 1085 1290 Φί·

105 1332 223 1405 λιππος
235 1339 396 1399 τοσοῦτον
410 1328 535 1415 ὑβρίκει
549 1331 684 1414 χρόνον·
706 1333 806 1395 πάλαι
827 1330 892 1414 γὰρ
914 1328 956 1394 ἂν
977 1328 1086 1393 εἵνεκά

105 1452 144 1515 γε
166 1435 384 1516 ψηφισμάτων
405 1432 558 1500 ἐδεδώκει
580 1433 685 1517 δίκην.
719 1434 787 1498 ἀλλ’
803 1434 864 1517 οόχ
885 1434 974 1497 οὕτω
994 1429 1085 1497 ταῦτ’
1098 1448 1129 1496 ιε

107 1536 186 1620 ἔχει·
217 1536 256 1601 τὸ
288 1537 353 1621 γὰρ
384 1538 538 1622 πράττειν
569 1547 629 1603 τοῦ
662 1538 767 1621 λέγειν
798 1539 855 1602 καὶ
890 1546 1087 1621 χειροτονεῖν

107 1641 247 1722 ὕστερον
269 1639 309 1704 ὃν
328 1646 369 1724 τῇ
390 1639 487 1721 τάξει,
509 1642 671 1725 πρότερον
694 1649 730 1725 τῇ
753 1642 893 1723 δυνάμει
914 1642 971 1705 καὶ
983 1649 1086 1722 ἰιρεῑτ-

105 1744 166 1807 τόν
187 1742 284 1808 ἐστιν.
328 1746 415 1808 τοῦτ’
438 1741 501 1808 οὖν
522 1745 574 1809 δεῖ
593 1752 781 1829 προσεῖναι,
807 1744 849 1808 τὰ
878 1744 907 1808 δ’
930 1741 997 1807 ἄλλ’
1028 1743 1085 1807 ὑπ·

108 1849 214 1930 άρχει·
237 1847 293 1911 καί
306 1847 370 1931 γὰρ
392 1847 495 1912 εἰπεῖν
515 1848 556 1912 τδι
577 1847 697 1913 δέοντα
717 1849 795 1931 παρ’
817 1846 906 1928 ὑμῖν,
929 1842 1088 1930 διάνδρες

107 1954 285 2033 Ἀθηναῖοι,
308 1952 496 2034 δυνάμενοι,
523 1953 580 2016 ιιαῖ
601 1960 726 2034 γνῶναι
747 1952 880 2015 πάντων
902 1949 995 2033 ὑμεῖς
1015 1948 1086 2027 ὀξύ·

107 2075 199 2118 τατοι
228 2055 270 2118 τὰ
303 2052 461 2138 ῥηθέντα·
491 2055 547 2118 καλ
579 2052 699 2138 πρᾶξαι
731 2055 769 2119 δὲ
797 2053 983 2135 δυνήσεσθε
1011 2063 1085 2133 νῦν,

108 2156 168 2222 ἐὰν
193 2156 303 2242 ὀρθῶς
329 2166 451 2240 ποιῆτε.
495 2159 568 2223 τίνα
589 2158 654 2242 γδιρ
675 2158 795 2242 χρόνον
815 2156 836 2239 Q
859 2158 932 2221 τίνα
960 2157 1130 2240 καιρόν,16

109 2256 136 2324 δι
158 2261 275 2344 ἄνδρες
293 2255 472 2343 Ἀθηναῖοι,
501 2271 561 2325 τοῦ
583 2263 746 2344 παρόντος
766 2261 882 2342 βελτίω
904 2261 1038 2341 ζητεῖτε,
1065 2257 1085 2341 Q

106 2363 184 2429 πόδ’
206 2364 228 2425 δ
250 2364 302 2427 δεῖ
322 2362 460 2447 πράξετ’,
483 2364 513 2428 εί
534 2362 578 2446 μὴ
600 2372 680 2443 νῦν,·
702 2363 762 2445 οὐχ
777 2362 905 2429 ἅπαντα
918 2363 980 2444 μὲν
993 2360 1087 2444 ἡμῶν

107 2467 284 2550 προείληφε
305 2466 346 2530 τὰ
367 2468 462 2549 χωρί’
484 2465 675 2550 άνδρονπος,
704 2465 733 2529 εί
755 2465 792 2529 δὲ
813 2465 870 2529 καὶ
889 2467 1011 2548 ταύτης
1032 2466 1087 2528 νά-

109 2591 180 2653 ριος
207 2576 263 2651 τῆς
288 2570 396 2653 χώρας
422 2569 607 2653 γενήσεται,
639 2572 773 2636 πάντων
807 2572 955 2651 αίσχιστα
981 2569 1087 2633 πεισό·

107 2676 212 2754 μεθα,·
244 2672 304 2755 οὐχ
326 2673 395 2753 οὕς,
418 2673 447 2737 εί
468 2673 696 2755 πολεμήσαιεν,
719 2673 854 2756 ἑτοίμως
877 2674 995 2752 σώσειν
1016 2671 1087 2737 ὑπι·

115 2776 310 2858 σχνούμεδα,
333 2774 425 2842 οὗτοι
451 2786 515 2842 νῦν
536 2780 752 2861 πολεμοῦσινγ
780 2776 842 2840 οὐκ
863 2776 996 2861 ἐχθρός·
1028 2775 1090 2840 οὐκ

108 2878 190 2962 ἔχων
215 2880 256 2944 τὰ
277 2879 434 2964 ἡμέτεραγ
463 2881 504 2945 οὐ
531 2881 711 2965 βάρβαροςς
741 2880 801 2962 οὐχ
830 2881 850 2943 ὅ
874 2903 906 2944 τι
934 2879 976 2945 ἂν
1002 2882 1089 2945 είποι

108 3003 174 3062 τις,·
202 2982 283 3046 ἀλλὰ
303 2984 386 3068 πρὸς
405 2988 495 3048 θεοῖν
516 2985 610 3048 πάντ’
634 2982 789 3060 ἐάσαντες
810 2984 866 3048 ιιαῖ
887 2984 992 3066 μόνον
1014 2983 1129 3067 οὐχῖιε

110 3088 474 3165 συγκατασκευάσαντες
502 3087 591 3172 αὐτῷ
619 3089 693 3152 τότε
720 3088 799 3163 τοὺς
821 3086 948 3162 αίτίονς
970 3086 1088 3164 οἵτινες

108 3188 235 3252 τούτων
258 3188 451 3271 ζητήσομεν,·
484 3188 525 3253 οὐ
546 3191 611 3273 γὰρ
635 3188 746 3264 αὐτοῖς
767 3192 796 3272 γ’
820 3192 919 3254 αίτιοι
941 3189 1090 3273 φήσομεν

110 3285 203 3370 εἶναι,
234 3299 345 3375 σαφῶς
367 3286 443 3355 οἶδα
465 3293 552 3355 τοῦτ’
575 3291 650 3375 ἐγώ.
695 3292 775 3357 οὐδὲ
795 3292 860 3376 γδιρ
882 3290 919 3358 ἐν
939 3301 1007 3368 τοῖς
1028 3302 1088 3356 τοῦ

108 3395 251 3477 πολέμου
267 3394 435 3470 κινδύνοις
449 3403 516 3459 τῶν
530 3395 705 3478 φυγόντων
720 3394 830 3472 οὐδεὶς
852 3392 973 3459 ἑαυτοῦ
994 3416 1087 3477 κατη-

107 3505 212 3581 γορεῖ,
248 3497 328 3561 ἀλλὰ
363 3506 422 3562 τοῦ
458 3506 642 3580 στρατηγοῦ
674 3498 730 3561 καὶ
761 3506 827 3561 τῶν
862 3498 1000 3579 πλησίον
1032 3498 1089 3560 καὶ
