2484 3992
447 243 663 296 perprimo.
972 247 1058 312 xm

75 434 214 496 ornatui
236 431 436 516 vel'gratiae
460 435 622 499 orationis
639 444 741 520 atque
765 444 890 500 motum
906 445 1056 518 gestum·

75 557 143 620 que
185 537 295 601 minus
340 536 385 602 ad
428 558 545 602 vocem
589 538 891 602 accommodasset.
944 536 1056 616 Quan-

73 649 194 723 topere
218 649 331 705 autem
353 641 497 705 actionis
522 640 690 723 dignitate
713 642 818 705 animi
847 640 1057 705 audientium

75 752 288 826 moveantur,
312 742 524 810 offendantur
548 743 761 819 deformitate
784 743 926 827 agendi,
949 743 1058 828 ipsum

74 844 340 911 Demosthenem
373 857 491 932 postea
524 846 711 931 professum
746 868 820 911 esse
855 848 905 911 ait
926 845 1056 930 Cicero,

75 969 157 1014 oum
180 949 299 1013 scribit
324 949 431 1030 (Brut.
455 947 616 1031 38,142):
643 949 924 1033 „Demosthenem
945 949 1057 1014 ferunt

78 1054 123 1133 ei,
147 1054 203 1137 qui
219 1054 443 1137 quaesivisset
460 1052 542 1137 quid
563 1054 708 1137 primum
731 1063 821 1117 esset
843 1054 878 1116 in
902 1050 1057 1134 dicendo,

78 1157 263 1238 actionem,
297 1155 379 1241 quid
402 1157 600 1239 secundum,
635 1156 724 1222 idem
754 1167 787 1221 et
809 1156 899 1221 idem
921 1159 1057 1222 tertium

76 1259 325 1343 respondisse.“
381 1259 495 1345 Atque
537 1282 579 1326 ex
612 1282 676 1345 quo
712 1270 860 1346 tempore
898 1263 1058 1349 cognovit

76 1383 196 1426 aarum
229 1384 338 1427 rerum
372 1363 484 1427 studio
515 1362 581 1428 sibi
610 1385 692 1449 opus
722 1386 797 1428 esse
820 1363 993 1449 ampliore,
1016 1399 1058 1409 -

76 1486 150 1531 non
177 1464 306 1545 rhetor,
343 1464 403 1529 sed
435 1465 555 1530 histrio
590 1466 716 1532 dicitur
750 1466 886 1551 quidam
917 1464 1060 1552 Satyrus

75 1568 229 1633 animum
264 1569 335 1632 eius
366 1564 449 1633 villuc
483 1567 674 1635 advertisse
696 1604 748 1651 -,
778 1571 858 1655 quin
887 1569 1058 1635 indefessa

78 1668 259 1755 diligentia
293 1681 327 1736 et
359 1672 563 1737 assiduitate
592 1674 850 1738 exercitationis
881 1695 961 1738 mox
984 1674 1058 1738 effe-

76 1775 175 1854 cerit,
199 1784 236 1837 ut
253 1774 296 1838 ab
314 1777 402 1839 omni
418 1785 516 1859 parte
534 1774 578 1841 ad
595 1776 839 1861 perfectionem
856 1777 1058 1860 perveniret,

77 1878 156 1962 quis
181 1887 231 1941 est
256 1879 312 1963 qui
337 1877 493 1942 dubitet?
530 1878 646 1964 Neque
670 1879 758 1943 enim
780 1888 899 1963 postea
923 1881 957 1941 in
981 1899 1058 1942 con-

78 1984 207 2048 tionem
229 1981 407 2067 prodeunti
436 1981 545 2046 simile
567 1984 747 2066 quicquam
776 1981 944 2072 accidisse
973 2002 1058 2047 eom·

77 2087 238 2171 perimus,
261 2087 361 2149 immo
377 2106 457 2149 vero
480 2084 538 2149 ille
553 2107 632 2150 mox
651 2107 764 2149 omnes
785 2085 841 2169 qui
863 2095 945 2149 tunc
962 2095 1059 2149 erant

79 2197 234 2253 oratores
257 2188 357 2272 louge
381 2190 552 2273 superavit
576 2198 678 2273 atque
701 2188 913 2274 eloquentiae
935 2191 1058 2275 princi·

78 2302 198 2378 patum
220 2291 375 2357 obtinuit.

184 2395 311 2478 Magna
333 2396 438 2479 igitur
460 2395 525 2458 fuit
540 2397 649 2459 virtus
662 2394 900 2458 Demosthenis
917 2397 951 2459 in
968 2398 1057 2460 omni

80 2520 205 2583 genere
235 2497 386 2579 dicendi,
420 2519 527 2583 neque
559 2499 668 2562 minor
700 2497 896 2583 prudentia,
930 2519 1058 2564 morum

80 2602 273 2685 integritas,
289 2602 493 2682 constantia,
509 2602 642 2685 patriae
658 2621 752 2664 amor
768 2602 803 2664 in
818 2623 928 2665 rerum
950 2600 1057 2686 publi·

81 2727 198 2771 carum
220 2703 525 2786 administratione,
554 2706 609 2768 oui
632 2703 798 2789 reliquam
820 2705 926 2769 vitam
948 2714 1058 2770 totam

83 2807 234 2872 dederat.
268 2804 370 2870 Cuius
386 2804 659 2890 praeclarissima
675 2805 773 2869 nobis
789 2804 926 2890 reliquit
943 2828 1057 2870 monu-

82 2920 195 2976 menta
219 2912 389 2974 orationes
413 2911 448 2974 in
472 2908 687 2973 contionibus
714 2908 828 2993 populi
856 2906 993 2974 habitas
1016 2946 1059 2954 —

83 3015 201 3097 λόγους
224 3013 520 3095 συμβουλευτικούς
542 3012 613 3076 sive
629 3011 831 3094 δημηγορίας
841 3045 894 3092 -,
918 3033 1058 3096 quarum

84 3127 196 3182 aetate
218 3118 325 3201 prima
343 3125 393 3179 est
411 3115 453 3179 de
466 3115 653 3201 symmoriis
671 3115 836 3194 (περὶτῶν
854 3115 1056 3195 συμμοριῶν)

84 3219 200 3285 habita
229 3243 260 3285 a.
283 3218 357 3282 354.
403 3217 593 3303 Sequuntur
622 3220 791 3283 orationes
820 3238 880 3302 pro
907 3215 1057 3298 Megalo·

84 3323 196 3407 politis
228 3323 322 3406 (ὑπὲρ
344 3321 636 3403 Μεγαλοπολιτῶν)
662 3345 691 3386 a.
715 3319 778 3383 353
809 3331 842 3385 et
872 3320 913 3384 de
935 3318 1058 3384 Rhodi·

86 3447 177 3493 orum
198 3426 358 3493 libertate
377 3425 472 3508 (ὑπὲρ
494 3433 551 3506 τῆς
560 3420 694 3487 Ῥοδίων
716 3422 915 3505 ἐλευθερίας)
940 3443 970 3487 a.
983 3419 1056 3484 351.

85 3528 253 3617 Reliquas,
270 3552 356 3616 quae
372 3525 632 3594 aDemosthene
647 3527 809 3612 proximis
827 3525 943 3589 decem
958 3524 1056 3588 annis
