2484 3992
161 239 204 303 40
423 243 481 308 lv.
506 245 865 315 ΔΗΜΟΣΘΕΝΟῬΣ

119 443 152 490 10
262 426 343 493 Ἀλλ’
372 430 422 494 ὅτι
453 431 515 513 μὲν
547 430 588 514 θη
622 430 676 496 δεῖ
704 433 857 515 βοηθεῑν,
891 435 977 497 είποι
1008 455 1059 510 τις
1092 437 1151 513 ἀν,

160 533 279 607 πάντες
317 531 505 617 ἐγνώκαμεν
542 534 598 597 καί
638 535 861 619 βοηθήσομεν·
897 535 935 600 τὸ
973 536 1004 600 θ’
1044 537 1150 627 ὅπως,

160 644 259 699 τοῦτο
280 637 361 719 λέγε.
405 636 450 719 μὴ
473 638 598 718 τοίνυν,
622 634 649 700 ὦ
672 639 789 722 ἄνδρες
808 643 989 721 Ἀθηναῖοι,
1011 643 1149 724 θαυμά-

161 757 246 822 σητε,
269 733 313 807 ἀν
333 740 523 825 παράδοξον
543 743 626 807 είποτ
647 764 679 805 τι
699 752 768 818 τοῖς
788 746 929 819 πολλοῖς.
958 746 1150 826 νομοθέτας

159 845 327 909 καθίσατε.
372 840 409 907 έν
437 844 474 909 δέ
500 846 630 922 τούτοις
657 854 727 921 τοῖς
750 846 943 928 νομοθέταις
962 846 1008 929 μὴ
1033 853 1150 931 θῆσθε

158 947 264 1030 νόμον
285 948 412 1031 μηθένα
433 947 508 1029 (είσὶ
529 948 593 1032 γάρ
615 948 696 1031 ύμῖν
718 947 856 1029 ἱκανοί),
887 949 967 1013 ἀλλὰ
994 953 1075 1027 τοὺς
1097 952 1149 1028 εἰς

118 1067 147 1115 11
158 1052 197 1116 τὸ
224 1052 333 1136 παρὸν
361 1054 563 1135 βλάπτοντας
594 1048 680 1135 ὗμάς
711 1054 839 1119 λύσατε.
883 1055 967 1137 λέγω
997 1055 1034 1119 δὲ
1061 1058 1148 1132 τοὺς

160 1156 234 1239 περὶ
248 1164 315 1219 τῶν
329 1161 511 1240 θεωρικῶν,
536 1164 648 1240 σαφῶς
664 1155 794 1238 οὑτωσί,
816 1157 872 1220 καλ
886 1158 964 1234 τοὺς
978 1159 1053 1239 περὶ
1075 1167 1149 1223 τῶν

161 1259 427 1342 στρατευομένων
460 1257 584 1339 ἐνίους,
619 1257 667 1323 ὥν
701 1258 734 1322 οἱ
766 1260 827 1342 μὲν
855 1260 896 1323 τά
926 1261 1148 1345 στρατιωτικὰ

158 1373 228 1439 τοῖς
249 1366 334 1427 οἴκοι
356 1364 492 1446 μένουσι
520 1364 715 1446 διανέμουσι
742 1367 903 1449 θεωρικά,
937 1364 970 1428 οἱ
999 1366 1036 1429 δὲ
1061 1367 1149 1442 τοὺς

161 1467 383 1542 ἀτακτοῦντας
404 1462 539 1555 ἀθρόους
566 1473 779 1549 καθιστᾶσιν,
813 1465 883 1533 εἶτα
911 1470 967 1532 καὶ
995 1471 1072 1546 τοὺς
1101 1472 1147 1534 τὰ

160 1571 279 1634 δέοντα
311 1580 419 1635 ποιεῖν
455 1572 677 1653 βουλομένους
713 1571 941 1656 ἀθυμοτέρους
976 1582 1145 1639 ποιοῦσιν.

161 1672 297 1738 ἐπειδὰν
318 1674 355 1737 δὲ
377 1683 481 1738 ταῦτα
509 1675 627 1756 λύσητε
660 1674 715 1737 καὶ
747 1676 808 1755 τὴν
835 1685 894 1738 τοῦ
923 1676 964 1738 τά
991 1678 1149 1758 βέλτιστα

157 1779 264 1859 λέγειν
291 1777 372 1842 ὁδὸν
397 1779 574 1861 παράσχητ’
607 1778 748 1862 ἀσφαλη,
781 1788 962 1860 τηνικαῦτα
983 1781 1042 1843 τὸν
1062 1783 1146 1863 γρά-

117 1896 149 1944 12
160 1885 269 1961 ψονθ,
293 1884 314 1944 ἀ
335 1884 454 1957 πάντες
476 1885 541 1945 ἴσθ’
566 1882 616 1945 ὅτι
640 1883 808 1966 συμφέρει,
831 1884 958 1964 ζητεῖτε.
1002 1884 1079 1967 πρὶν
1103 1885 1147 1949 δὲ

158 1994 262 2048 ταῦτα
291 1983 425 2070 πρᾶξαι,
460 1984 503 2067 μὴ
532 1995 699 2065 σκοπεῖτε,
731 1986 780 2060 τίς
807 1985 909 2050 εἰπὼν
935 1987 977 2049 τὰ
998 1988 1147 2069 βέλτισθ’

158 2087 242 2171 ὑπὲρ
264 2088 357 2170 ὑμῶν
378 2088 435 2173 ὑφ’
458 2087 552 2171 ὑμῶν
573 2086 754 2152 ἀπολέσθαι
776 2089 985 2171 βονλήσεταν
1014 2087 1147 2175 οὐγὰρ

160 2191 323 2275 εὑρήσετε,
355 2195 458 2268 ἀλλοις
479 2212 514 2256 τε
540 2192 596 2255 καὶ
618 2193 738 2256 τούτου
766 2193 873 2275 μόνου
893 2194 1145 2277 περιγίγνεσθαι
1231 2250 1232 2269 ,

158 2297 338 2378 μέλλοντος,
361 2301 482 2361 παθεῖν
504 2296 626 2372 ἀδίκως
643 2319 674 2360 τι
695 2295 799 2360 κακὸν
819 2296 877 2361 τὸν
896 2294 987 2361 ταῦτ’
1004 2298 1145 2361 εἰπόντα

158 2402 214 2463 καί
247 2403 437 2482 γράψαντα,
470 2400 575 2483 μηδὲν
613 2399 643 2464 θ’
680 2399 844 2485 ὠφελῆσαι
876 2401 917 2464 τά
952 2402 1141 2484 πράγματα,
1231 2448 1232 2451 ,

159 2503 240 2566 ἀλλὰ
266 2504 323 2567 καὶ
346 2504 391 2580 είς
412 2504 449 2567 τὸ
470 2502 584 2566 λοιπὸν
605 2505 729 2585 μᾶλλον
755 2503 796 2567 έτ’
819 2502 840 2585 ἢ
862 2504 985 2568 νῦντὸ
1007 2505 1049 2567 τὰ
1069 2505 1140 2587 βέλ·
1231 2536 1232 2581 1

158 2622 250 2669 τιστα
277 2607 384 2688 λέγειν
413 2606 641 2691 φοβερώτερον
667 2615 811 2689 ποιῆσαι.
855 2608 911 2670 καί
937 2609 1028 2672 λύειν
1049 2606 1142 2692 γ,ὦ

160 2709 277 2791 ἄνδρες
310 2712 494 2791 Ἀθηναῖοι,
531 2711 610 2786 τοὺς
643 2713 767 2794 νόμους
803 2713 855 2776 δεῖ
887 2714 1026 2788 τούτους
1061 2715 1142 2791 τοὺς

116 2829 148 2876 13
159 2813 281 2887 αὐτοὺς
311 2810 426 2888 ἀξιοῦν
456 2812 550 2897 οἵπερ
579 2814 635 2877 καὶ
669 2815 872 2879 τεθείκασιν·
904 2814 945 2878 ού
976 2818 1040 2900 γάρ
1072 2815 1141 2881 έστι

159 2917 297 2997 δίκαιον,
319 2915 380 2997 τὴν
401 2916 461 2999 μέν
481 2918 586 2999 χάριν,
614 2917 635 2998 ἣ
659 2923 768 2981 πάσαν
790 2917 925 3000 ἔβλαπτε
951 2918 1012 3001 τὴν
1033 2920 1139 3000 πόλιν,

157 3029 226 3095 τοῖς
247 3022 319 3084 τότε
344 3025 454 3084 θεῖσιν
476 3018 648 3103 ὑπάρχειν,
676 3020 737 3102 τὴν
759 3020 789 3083 θ’
812 3021 1006 3104 ἀπέχθειαν,
1036 3018 1078 3085 δι’
1101 3020 1140 3105 ης

158 3116 200 3186 ἀν
223 3123 362 3197 ἅπαντες
385 3127 519 3205 ἄμεινον
540 3121 736 3206 πράξαιμεν,
765 3133 811 3209 τῷ
837 3133 901 3190 νῦν
928 3125 970 3188 τά
990 3126 1139 3208 βέλτιστα
1231 3142 1232 3155 ’

158 3225 281 3289 εἰπόντι
310 3227 426 3307 ζημίαν
452 3226 616 3307 γενέσθαι.
661 3227 741 3311 πρὶν
762 3227 800 3291 ἀὲ
827 3231 916 3291 ταῦτ’
940 3227 1137 3312 εὐτρεπίσαι,

158 3331 329 3412 μηδαμῶς,
361 3326 387 3392 ἀι
411 3329 527 3411 ἄνδρες
547 3325 731 3411 Ἀθηναῖοι,
762 3331 875 3413 μηδέν’
898 3327 1027 3407 ἀξιοῦτε
1055 3335 1137 3415 τηλι·

159 3440 280 3495 κοῢτον
307 3428 392 3494 εἶναι
419 3435 495 3514 παρ’
519 3430 612 3512 ὑμῖν,
644 3433 727 3495 ὥστε
754 3434 832 3509 τοὺς
853 3435 977 3515 νόμους
999 3437 1138 3512 τούτους
