2484 3992
261 282 373 342 ΠΕΡΙ
395 280 496 343 ΤΩΝ
511 282 581 342 ΕΝ
598 281 901 343 ΧΕΡΡΟΝΗΣΩῙ.
1019 279 1058 343 79

192 469 269 531 Εἰσί
284 470 397 532 τοίνυν
411 468 506 546 τινές,
529 469 563 530 οἳ
574 469 640 532 τότ’
657 466 830 551 ἐξελέγχειν
849 470 908 532 τὸν
921 472 1068 553 παριόντ’
1078 486 1111 535 38

19 630 20 649 2
85 575 220 651 οἴονται,
243 572 376 635 ἐπειδάν
397 571 584 653 ἐρωτήσωσι
609 572 660 654 ,τί
680 568 742 635 οὖν
762 572 821 654 χρὴ
844 571 986 653 ποιεῐν;“
1012 572 1061 650 οἷς

19 664 20 667 ¹
86 676 145 756 ἐγὼ
169 677 208 739 τὸ
231 676 291 756 μὲν
314 676 521 739 δικαιότατον
548 676 604 737 καί
627 675 848 756 ἀληθέστατον
875 679 961 738 τοῦτ’
985 678 1061 740 ἀπο·

86 789 275 862 κρινοῢμαι,
306 785 409 844 ταῦτα
431 780 474 862 μή
498 789 605 843 ποιεῖν
628 781 649 841 οἳ
671 778 747 843 νυνί
767 790 904 859 ποιεῖτε,
932 778 973 842 οὐ
995 779 1062 862 μήν

87 882 165 944 άλλδι
189 885 245 946 καί
267 886 342 945 καθ’
359 882 496 946 ἕκαστον
512 882 652 965 ἀκριβῶς
667 881 740 964 ἐρῶ.
763 883 819 944 καί
834 883 931 961 ὅπως,
955 883 1062 965 ὥσπερ

86 983 228 1066 ἐρωτῶσι
261 988 456 1070 προθύμως,
491 988 578 1049 οὑτω
611 987 667 1049 καί
699 995 806 1048 ποιεῖν
838 984 1060 1066 ἐθελήσουσιν.

86 1097 216 1169 πρῶτον
237 1091 316 1171 μέν,
351 1086 518 1172 διάνδρες
537 1087 725 1170 Ἀθηναῖοι,
758 1093 855 1152 τούτο
882 1092 957 1170 παρ’
987 1088 1108 1170 ὑμῖνσε

88 1192 197 1267 αὐτοῖς
217 1193 357 1276 βεβαίως
378 1200 512 1275 γνῶναι,
536 1193 585 1255 ότι
608 1202 646 1275 τῇ
668 1193 759 1255 πόλει
785 1193 944 1266 Φίλιππος
970 1195 1061 1255 πολε·

88 1307 139 1375 μεῖ
169 1300 226 1361 καί
259 1297 319 1379 τήν
351 1298 485 1379 εἰρήνην
517 1298 651 1360 λέλυκεν
685 1297 754 1378 (καί
782 1298 955 1358 παύσασθε
988 1298 1063 1378 περὶ

87 1402 206 1464 τούτου
239 1405 495 1483 κατηγοροῦντες
528 1401 686 1481 άλλήλων)
721 1402 776 1463 καί
809 1401 971 1475 κακόνους
1002 1401 1064 1481 μέν

88 1500 152 1565 ἐστι
185 1505 242 1567 καί
270 1504 387 1587 ἐχθρὸς
417 1506 474 1587 όλη
496 1514 535 1587 τή
562 1506 654 1566 πόλει
686 1504 742 1566 καί
774 1513 818 1585 τῷ
851 1511 907 1583 τής
939 1505 1064 1579 πόλεως

89 1606 218 1687 ἐδάφει,
253 1609 431 1690 προσθήσω
459 1608 495 1671 δὲ
528 1609 584 1670 καί
616 1619 685 1682 τοῖς
712 1607 749 1671 ἐν
776 1617 815 1691 τῇ
846 1609 937 1671 πόλει
965 1616 1066 1672 πᾶσιν
1075 1625 1109 1672 40

90 1709 290 1793 ἀνθρώποις,
324 1712 379 1775 καὶ
406 1722 473 1787 τοῖς
505 1714 631 1792 μάλιστ’
662 1711 827 1792 οἰομένοις
854 1711 942 1794 αὐτῷ
975 1714 1062 1794 χαρί·

89 1814 197 1886 ζεσθαι
223 1814 264 1896 (εἰ
279 1814 315 1877 δὲ
329 1815 385 1896 μή,
410 1817 606 1889 σκεψάσθων
621 1815 823 1896 Εὐθυκράτη
838 1814 893 1875 καὶ
905 1815 1062 1895 Λασθένη

88 1918 162 1992 τοὺς
181 1915 390 1996 Ὀλυνθίους,
414 1918 449 1980 οἳ
480 1918 655 1991 δοκοῦντες
684 1916 852 1980 οἰκειότατ’
883 1918 970 2000 αὐτῷ
994 1918 1063 1979 δια-

89 2027 229 2100 κεῖσθαι,
251 2020 362 2102 ἐπειδή
379 2022 438 2102 τήν
452 2024 548 2086 πόλιν
562 2021 763 2101 προύδοσαν,
786 2021 919 2084 πάντων
940 2023 1063 2083 κάκιστ’

90 2123 323 2203 ἀπολώλασιν),
355 2126 467 2188 οὐδενὶ
500 2126 610 2206 μέντοι
642 2127 766 2206 μᾶλλον
798 2123 817 2204 ή
847 2133 885 2207 τή
919 2127 1065 2208 πολιτείᾳ

88 2233 234 2311 πολεμεῖ,
262 2230 332 2292 οὐδ’
363 2228 563 2311 ἐπιβουλεύει
596 2231 653 2292 καί
688 2240 802 2292 σκοπεῖ
832 2233 954 2309 μᾶλλον
986 2229 1064 2292 οὐδὲ

90 2330 124 2393 ἓν
143 2342 212 2396 τῶν
233 2335 375 2412 πάντων,
397 2333 417 2413 ή
440 2342 509 2407 πῶς
530 2335 654 2414 ταύτην
676 2335 859 2395 καταλύσει.
897 2334 953 2396 καί
974 2337 1063 2397 τοῦτ’
1073 2350 1106 2397 41

89 2436 220 2511 εἰκότως
242 2437 364 2519 τρόπον
385 2437 458 2499 τινὰ
480 2437 630 2519 πράττει·
653 2432 744 2500 οἰδεν
764 2437 827 2518 χδιρ
843 2436 982 2518 ἀκριβῶς
1005 2438 1064 2516 ότι,
1170 2429 1173 2434 ’

90 2541 157 2603 οὐδ’
187 2533 233 2603 άν
264 2542 397 2604 πάντων
429 2550 496 2604 τῶν
524 2542 630 2602 ἄλλων
653 2541 786 2621 γένηται
809 2542 932 2623 κύριος,
966 2542 1066 2605 οὐδὲν

89 2642 148 2707 ἔστ’
174 2645 263 2728 αύτῷ
285 2645 422 2725 βεβαίως
445 2644 538 2726 ἔχειν,
561 2643 622 2720 ἕως
638 2638 681 2708 ἂν
695 2644 787 2725 ὑμεῖς
802 2645 1064 2727 δημοκρατῆσθε,

90 2748 154 2811 ἀλλ’
180 2751 223 2811 άν
244 2769 322 2811 ποτε
346 2749 452 2831 συμβή
474 2770 505 2810 τι
527 2758 681 2829 πταῖσμα,
711 2751 731 2811 δι
753 2751 856 2811 πολλὰ
883 2750 1000 2831 γένοιτ’
1023 2743 1067 2813 δν

90 2852 280 2936 ἀνθρώπω),
313 2849 381 2932 ήξει
414 2853 522 2915 πάντα
554 2852 594 2915 τδι
627 2855 691 2914 νῦν
720 2853 981 2934 συμβεβιασμένα
1010 2854 1066 2915 καί

89 2952 323 3037 καταφεύξεται
345 2954 427 3036 πρὸς
449 2954 549 3035 ὑμαῖς·
582 2954 652 3017 έστέ
682 2955 745 3037 γὰρ
775 2954 867 3036 ὑμεῖς
891 2956 951 3018 οὐκ
975 2956 1112 3018 αὐτοίεῖ

88 3062 320 3139 πλεονεκτῆσαι
358 3059 415 3120 καί
453 3068 626 3141 κατασχεῖν
665 3058 768 3140 άρχήν
806 3054 844 3121 εὑ
877 3060 1066 3141 πεφυκότες,

90 3161 154 3223 ἀλλ’
190 3159 300 3241 ἕτερον
335 3162 444 3243 λαβεῖν
478 3162 623 3224 κωλύσαι
653 3161 711 3222 καὶ
747 3160 847 3242 ἔχοντ’
886 3159 1064 3242 ἀφελέσθαι

89 3265 208 3342 δεινοί,
241 3265 297 3326 καί
327 3265 408 3339 ὅλως
436 3263 605 3347 ἐνοχλῆσαι
634 3274 702 3339 τοῖς
724 3267 836 3347 ἄρχειν
856 3265 1068 3346 βουλομένοις

89 3369 142 3431 καί
153 3369 278 3442 πάντας
285 3366 482 3450 ἀνθρώπους
493 3368 539 3442 εἰς
549 3367 741 3449 ἐλευθερίαν
753 3366 916 3442 ἐξελέσθαι
929 3365 1061 3449 ἕτοιμοι.

90 3474 215 3533 οὔκουν
235 3471 386 3552 βούλεται
408 3480 477 3544 τοῖς
499 3468 620 3533 ἕαυτού
644 3480 770 3554 καιροῖς
793 3469 853 3553 τήν
877 3474 953 3554 παρ’
976 3470 1070 3550 ὑμῶν

93 3572 284 3657 ἐλευθερίαν
310 3571 515 3657 ἐφεδρεύειν,
549 3572 627 3635 οὑδὲ
654 3575 775 3636 πολλοῦ
803 3573 867 3650 δεῖ,
897 3572 937 3635 ού
959 3581 1067 3645 κακῶς
