2484 3992
163 269 226 334 114
534 266 775 334 APPENDIX.

627 457 674 507 IV.

159 597 284 681 Legati
307 595 351 661 ab
367 595 631 660 Atheniensibus
655 593 701 659 ad
722 593 913 680 Philippum
935 594 1031 658 missi
1052 594 1149 660 Pho·

159 723 310 787 censium
334 719 431 785 clade
454 721 611 784 nuntiata
634 728 724 783 retro
741 724 877 782 vertunt
893 718 976 801 δίει,
997 717 1147 782 Aeschi-

157 865 217 906 nes
225 840 360 906 Thebas
374 840 546 925 proiectus
558 843 738 905 victoriam
748 838 896 923 Philippi
908 837 1145 905 concelebrat.

518 994 599 1058 (nx.
619 991 775 1060 ιιι-ιω.)

260 1172 400 1233 Πολλῶν
421 1170 535 1233 τοίνυν
557 1168 613 1231 καί
635 1168 753 1233 δεινῶν
776 1171 882 1233 όντων
906 1177 973 1232 τῶν
992 1186 1143 1252 πεπραγ-

158 1276 265 1356 μέυωυ
297 1274 432 1355 Αἰσχίνῃ
459 1271 579 1356 τουτφί
607 1271 663 1334 καί
690 1272 814 1353 πολλὴν
839 1274 958 1336 κακίαν
985 1271 1142 1354 ἐχόντων,

159 1377 201 1452 ὡς
217 1378 273 1440 καί
288 1378 368 1457 ύμῖν
382 1372 473 1458 οἶμαι
488 1375 608 1454 δοκεῖν,
625 1374 725 1438 οὐδέν
740 1374 829 1439 ἐστιν
844 1373 886 1439 οὗ
900 1378 1003 1457 μέλλω
1018 1376 1140 1476 λέγειν,

158 1480 201 1555 ὡς
223 1481 287 1561 ἐγὼ
310 1482 422 1560 κρίνω,
446 1479 641 1560 δεινότερον,
664 1473 735 1541 οὐδ
754 1480 774 1540 ό
786 1501 818 1542 τι
832 1482 955 1560 μᾶλλον
974 1477 1023 1542 ἐπ’
1041 1480 1140 1542 αύτο-

156 1588 256 1668 φώρφ
290 1581 568 1665 δεδωροδοκηκότ’
598 1580 700 1644 αὐτὸν
731 1582 787 1643 καὶ
819 1583 1007 1665 πεπρακότα
1039 1583 1138 1645 πάντ’

155 1684 315 1768 ἐξελέγξει.
346 1684 458 1765 ἐπειδη
481 1684 545 1766 γὰρ
567 1682 764 1746 ἀπεστέλλετ’
789 1678 889 1758 αὖθις
904 1681 948 1746 αὖ
963 1684 1001 1745 τὸ
1022 1686 1139 1767 τρίτον

156 1791 234 1864 τοὺς
262 1790 412 1870 πρέσβεις
440 1786 483 1861 ὡς
510 1785 569 1850 τὸν
589 1788 754 1850 Φίλιππον
776 1785 830 1850 ἐπὶ
851 1797 922 1862 ταῖς
943 1790 1057 1862 καλαῖς
1079 1791 1136 1850 καὶ

153 1894 309 1974 μεγάλαις
332 1892 438 1955 ἐλπίσι
459 1892 604 1968 ταύταις,
628 1888 680 1964 αἷς
701 1888 798 1965 οὗτος
819 1891 994 1973 ὑπέσχητο,
1016 1890 1135 1972 ἐχειρο-

154 1996 313 2077 τονήσατε
335 1997 392 2057 καί
412 2003 531 2056 τοῦτον
553 1993 638 2074 κάμὲ
658 1993 714 2056 καὶ
735 2002 801 2056 τόν
824 1997 930 2057 ἄλλων
951 1994 1029 2069 τοὺς
1050 1997 1136 2058 πλεί·

127 2114 256 2172 εστους
277 2099 354 2172 τοὺς
378 2098 508 2171 αὐτούς.
539 2096 603 2178 ἐγὼ
626 2096 749 2179 μὲνδὴ
772 2096 949 2181 παρελθὼν
971 2096 1134 2180 ἐξωμοσά-

154 2223 221 2282 μην
243 2200 377 2279 εύθέως,
400 2200 457 2263 καὶ
478 2201 719 2282 θορυβούντων
733 2210 833 2265 τινῶν
855 2201 911 2266 καί
933 2203 1135 2266 κελευόντων

155 2306 306 2386 βαδίζειν,
323 2304 385 2367 ούκ
401 2304 442 2367 ἂν
458 2304 542 2386 ἔφην
557 2302 681 2367 ἐλθεῖν·
704 2301 801 2380 οὗτος
815 2306 846 2368 δ’
861 2304 1132 2389 ἐκεχειροτόνητο.

153 2409 264 2490 ἐπειδὴ
289 2410 319 2471 δ’
336 2408 453 2491 ἐνέστη
469 2408 550 2490 μετὰ
572 2410 669 2470 ταῦθ’
690 2407 711 2489 ἡ
734 2406 897 2491 ἐκκλησία,
920 2413 1134 2486 συνελθόντες

153 2512 361 2594 ἐβουλεύονθ’
386 2509 478 2575 οὗτοι
499 2513 560 2576 τίν’
585 2510 689 2574 αὐτοῦ
709 2514 972 2588 καταλείψουσιν.
999 2513 1048 2576 ἐτι
1069 2516 1134 2598 γὰρ

154 2625 220 2678 τῶν
245 2616 447 2697 πραγμάτων
469 2617 574 2678 ὄντων
596 2615 767 2697 μετεώρων
794 2616 849 2677 καὶ
877 2625 937 2678 τοῦ
959 2616 1134 2697 μέλλοντος

154 2718 289 2799 ἀδήλου,
313 2719 465 2799 σύλλογοι
488 2718 544 2780 καί
558 2719 649 2798 λόγοι
664 2717 870 2780 παντοδαποί
885 2719 967 2781 κατὰ
982 2719 1045 2801 τὴν
1061 2721 1132 2803 ἀγο

125 2822 217 2903 3ρδιν
239 2818 406 2902 ἐγίγνοντο
429 2822 516 2883 τότε·
541 2818 723 2901 ἐφοβοῦντο
739 2821 790 2901 δή,
813 2820 857 2902 μὴ
882 2823 1064 2903 σύγκλητος
1087 2823 1132 2886 ἐκ·

152 2927 271 3004 κλησία
292 2925 410 3005 γένοιτ’
434 2922 602 3006 ἐξαίφνης,
633 2920 689 2987 εἶτ’
715 2924 914 2999 ἀκούσαντες
935 2926 1028 3006 ὑμεῖς
1051 2927 1131 3009 ἐμοῦ

151 3028 277 3109 τάληθῆ
301 3028 506 3110 ψηφίσαισθέ
521 3048 552 3089 τι
566 3035 635 3088 τῶν
651 3028 795 3090 δεόντων
809 3027 893 3111 ὑπὲρ
907 3036 973 3092 τῶν
987 3032 1132 3093 Φωκέων

150 3132 268 3193 καὶτὰ
290 3133 451 3213 πράγματ’
475 3129 614 3213 ἐκφύγοι
635 3129 693 3193 τὸν
711 3132 886 3194 Φίλιππον.
925 3131 954 3194 εί
974 3133 1040 3216 γὰρ
1056 3133 1130 3214 ἐψη-

151 3235 293 3314 φίσασθε
316 3235 420 3314 μόνον
441 3233 497 3294 καλ
518 3234 640 3315 μικρόν
654 3232 834 3316 ὑπεφήνατ’
851 3230 950 3298 ἐλπίδ
972 3233 1130 3317 ἡντινοῦν

150 3333 261 3406 αὐτοῖς
283 3333 456 3415 ἐσώθησαν
471 3339 521 3398 ἄν.
553 3337 593 3398 οὐ
609 3337 673 3419 γὰρ
687 3336 775 3418 ἐνῆν,
800 3336 861 3400 ούκ
875 3337 954 3419 ἐνῆν
963 3336 1009 3420 μη
1024 3359 1128 3424 παρα·

149 3435 380 3517 κρονσθέντων
397 3437 491 3516 ὑμῶν
506 3446 615 3516 μεῖναι
630 3440 790 3522 Φιλίππῳ.
815 3440 968 3522 οὔτεγὰρ
985 3451 1074 3517 σῖτος
1089 3440 1129 3522 ην

148 3535 185 3596 ἐν
206 3544 245 3616 τῇ
267 3534 367 3615 χώρᾳ,
391 3535 525 3618 ἀσπόρφ
547 3538 602 3600 διὰ
624 3540 682 3601 τὸν
703 3540 846 3622 πόλεμον
860 3545 1026 3627 γεγονυίᾳ,
1050 3543 1125 3606 οὔθ’
