2484 3992
183 255 226 318 74
441 257 515 322 VH.
540 259 900 321 ΔΗΜΟΣΘΕΝΟΤΣ

178 445 247 509 ἐκεῖ
267 446 303 510 δὲ
324 448 483 529 μηδεμιᾶς
498 447 708 531 ὑπαρχούσης
722 450 853 530 ἑτοίμου
869 450 1034 531 βοηθείας.
1058 449 1155 512 οὐδὲν

136 563 168 611 16
180 548 300 625 αὐτοὺς
323 550 523 615 ἀπολωλέναι
545 553 692 616 κωλύσει.
736 552 778 634 νὴ
795 555 870 631 Δία,
893 553 1156 635 κακοδαιμονῶσι

179 653 243 734 γδιρ
273 652 445 736 ἅνθρωποι
474 655 529 717 κοιλ
557 642 819 736 ὑποβάλλουσιν
846 656 953 739 ἀνοίᾳ.
998 657 1089 718 πάνυ
1109 677 1154 736 γε,

178 754 246 818 ἀλλ’
259 756 347 838 ὅμως
358 754 480 831 αὐτούς
491 757 545 821 δεῖ
558 766 622 832 σῶς
637 753 737 821 εἶναι·
754 758 913 840 συμφέρει
926 759 990 840 γδιρ
1004 766 1044 842 τῇ
1055 760 1155 821 πόλει.

178 860 233 922 καί
255 859 321 942 μὴν
336 862 409 924 οὐδ’
424 860 532 925 ίκείνδ
543 884 579 943 γε
595 863 696 943 δῆλόν
708 862 796 926 ἐστιν
806 862 895 944 ἡμῖν,
919 860 962 937 ὥς
973 861 1028 926 ἐπὶ
1039 862 1157 945 Χερρίε

179 979 283 1045 νησον
304 963 364 1047 οὐχ
380 964 463 1046 ἥξει·
487 968 553 1028 ἀλλ’
571 968 629 1047 εἴγ’
652 964 688 1028 ἐκ
702 974 760 1048 της
774 965 944 1047 ἐπιστολῆς
960 966 1012 1029 δεῖ
1024 975 1159 1030 σκοπεῖν

180 1064 219 1148 ἧς
233 1068 356 1150 ἔπεμψε
370 1069 451 1152 πρὸς
466 1068 561 1151 ὑμᾶς,
585 1069 785 1151 ἀμυνεῖσθαί
800 1086 879 1153 φησι
894 1071 972 1145 τοὺς
986 1069 1023 1133 ἐν
1038 1073 1159 1152 Χερρο

138 1169 277 1257 ικνήσῳ.
309 1171 351 1235 ἂν
365 1170 426 1254 μὲν
440 1173 554 1235 τοίνυν
578 1161 597 1256 ᾖ
621 1172 659 1235 τὸ
675 1174 870 1254 συνεστηκὸς
887 1174 1081 1254 στράτευμα,
1104 1174 1159 1234 καί

178 1281 218 1357 τῇ
233 1272 501 1359 χάρμ’βοηθησαι
516 1274 695 1357 δυνήσεται
710 1275 766 1338 καί
781 1284 848 1338 τῶν
862 1275 989 1338 ἐκείνου
1005 1298 1037 1338 τι
1050 1285 1159 1349 κακῶς

182 1387 332 1460 ποιῆσαι·
361 1380 391 1443 εί
412 1380 442 1441 δ’
464 1378 549 1455 ἅπαξ
571 1378 815 1461 διαλυθήσεται,
845 1381 877 1443 τί
896 1378 1086 1460 ποιήσομεν,
1119 1380 1158 1442 ἂν

183 1479 236 1543 ἐπὶ
259 1483 470 1565 Χερρόνησον
500 1485 551 1566 ίη,·
586 1486 783 1566 ,κρινοῦμεν
803 1485 966 1564 Διοπείθη
995 1483 1037 1563 νὴ
1060 1481 1154 1546 AM

183 1584 240 1646 καί
266 1585 300 1647 τί
326 1584 366 1648 τὰ
387 1587 549 1669 πράγματ’
572 1585 663 1650 ἔσται
685 1586 820 1668 ’βελτίοη
855 1585 941 1668 ,ἀλλ’
965 1585 1094 1648 ἐνθένδ’
1119 1586 1157 1647 ἂν

180 1690 407 1772 βοηθήσαιμεν
430 1687 554 1754 αὐτοί.“
601 1689 643 1752 διν
665 1690 694 1754 δ’
718 1689 782 1752 ὑπὸ
805 1698 871 1752 τῶν
891 1691 1088 1771 πνευμάτων
1115 1689 1155 1771 μὴ

184 1795 381 1876 δυνώμεθα,·
405 1794 505 1878 ,ἀλλὰ
527 1795 572 1876 μδι
588 1797 643 1858 Δί’
666 1794 726 1877 οὐχ
739 1791 838 1875 ἥξω(
869 1793 925 1855 καί
939 1795 987 1868 τίς
1002 1791 1158 1875 ἐγγυητής

137 1896 247 1960 18ἐστι
269 1899 389 1961 τούτου
395 1920 409 1978 ,·
431 1894 482 1982 ἄρ’
505 1897 602 1979 ὁράτε
624 1897 680 1959 καὶ
701 1898 870 1978 λογίζεσθ’,
893 1892 1159 1978 ὦάνδρεςἈθη-

180 2010 279 2080 ναῖοι,
301 2001 362 2082 τὴν
382 2001 542 2064 ἐπιοῦσαν
565 2001 656 2083 ὥραν
677 2004 736 2063 τοῦ
760 2000 866 2077 ἔτους,
901 1999 946 2074 είς
974 2000 1017 2079 ἣν
1039 2000 1160 2082 ἔρημόν

179 2124 265 2179 τινες
286 2107 413 2168 οἴονται
436 2104 507 2169 δεῖν
520 2105 579 2168 τὸν
587 2102 829 2186 Ἑλλήσποντον
844 2102 939 2184 ὑμῶν
953 2105 1160 2184 ποιῆσαικαὶ

180 2209 391 2289 παραδοῦναι
416 2210 583 2293 Φιλίππςο,·
615 2209 648 2270 τί
669 2208 709 2286 δ’,
733 2207 774 2270 διν
797 2205 949 2269 άπελθὼν
971 2205 1007 2268 ἐκ
1032 2209 1161 2291 Θρηίκης

179 2311 236 2374 καὶ
257 2312 340 2394 μηδὲ
361 2311 554 2395 προσελθὼν
575 2311 774 2395 Χερρονήσῳ
796 2311 879 2392 μηδὲ
901 2310 1070 2394 Βυζαντίῳ
1095 2311 1160 2392 (καλ

180 2415 243 2497 γάρ
270 2425 375 2479 ταῦτα
402 2415 579 2498 λογίζεσθε)
614 2415 668 2479 ε’πί
690 2415 839 2477 Χαλκίδα
866 2413 923 2476 καὶ
944 2413 1075 2496 Μέγαρ’
1100 2415 1159 2498 ἥκη
1234 2484 1235 2489 1

179 2516 237 2579 τδν
266 2518 513 2600 αὐτὸντρόπον
535 2519 636 2601 ὅνπερ
658 2517 706 2581 ἐπ’
728 2515 842 2598 Ὠρεὸν
862 2517 992 2598 πρώην,
1020 2518 1160 2600 πότερον
1233 2534 1234 2597 5

180 2630 328 2702 κρεῖττον
350 2621 463 2685 ἐνθάδ’
488 2621 590 2684 αὐτὸν
613 2621 799 2703 ἀμύνεσθαι
821 2621 877 2683 καί
891 2622 1093 2701 προσελθεῖν
1106 2623 1162 2685 τὸν
1233 2650 1234 2655 ’

180 2726 324 2806 πόλεμον
357 2724 438 2807 πρὸς
470 2725 531 2807 τὴν
549 2721 698 2805 Ἀττικην
726 2724 831 2804 ἐάσαι,
859 2723 880 2804 ἢ
909 2727 1161 2802 κατασκευάζειν

181 2829 248 2893 ἐκεῖ
268 2832 329 2892 τιν’
352 2828 507 2911 ἀσχολίαν
530 2828 638 2913 αὐτῷ,·
659 2827 723 2909 ἐγὼ
745 2828 806 2909 μὲν
829 2830 940 2908 οίομαι
962 2830 1074 2890 τοῦτο.

140 2948 171 2995 19
287 2935 401 2996 Ταῦτα
421 2933 537 2995 τοίνυν
551 2931 698 3005 ἅπαντας
713 2931 840 3006 εἰδότας
862 2930 918 2992 καί
932 2931 1161 3012 λογιζομένους

180 3037 251 3119 χρή,
275 3037 316 3101 οὐ
338 3036 383 3118 μδι
406 3038 460 3099 Δί’
484 3034 544 3118 οὐχ
565 3037 608 3117 ἣν
631 3038 812 3115 Διοπείθης
834 3042 985 3116 πειράται
1008 3044 1048 3118 τῇ
1071 3037 1162 3099 πόλει
1231 3028 1232 3067 ί

181 3140 325 3220 δύναμιν
331 3140 599 3221 παρασκευάζειν,
612 3140 737 3219 ταύτην
742 3139 934 3219 βασκαίνειν
943 3138 998 3200 καὶ
1006 3139 1161 3202 διαλῦσαι

180 3249 366 3324 πειρᾶσθαι,
390 3244 457 3307 ἀλλ’
473 3243 588 3324 ἑτέραν
603 3242 724 3317 αὐτοὺς
738 3245 1085 3326 προσπαρασκευάζειν
1106 3245 1160 3306 καί

183 3351 468 3429 συνευποροῦντας
479 3345 592 3429 ἐκείνῳ
602 3348 778 3427 χρημάτων
788 3345 844 3407 καί
854 3345 940 3407 τᾶλλ’
953 3346 1083 3420 οἰκείως
1089 3362 1160 3410 συν·

138 3466 172 3513 κο
183 3450 449 3531 αγωνιζομίνους.
478 3450 507 3512 εί
521 3451 585 3531 γάρ
600 3471 648 3523 τις
666 3448 772 3530 ἔροιτο
790 3450 963 3527 Φίλιππον,
990 3449 1082 3532 ,εἰπέ
1096 3473 1158 3531 μοι,

182 3553 289 3633 πότερ’
314 3552 356 3614 ἂν
376 3552 511 3633 βούλοιο
532 3553 672 3626 τούτους
694 3552 772 3626 τοὺς
795 3556 994 3632 στρατιώτας
1017 3553 1160 3626 οὒςΔιο-
