2484 3992
162 259 205 323 60
435 260 493 324 VI.
518 260 878 323 ΔΗΜΟΣΘΕΝΟΤΣ

164 451 258 533 λόγχη
277 451 441 514 Φίλιππον
462 450 518 513 καλ
539 448 600 531 τήν
621 448 703 531 πρὸς
723 450 810 532 ύμάς
829 449 966 534 εἰρήνην
987 451 1155 532 παραβαί-

163 575 266 616 νοντα
287 553 343 616 καλ
357 561 438 617 πάσι
452 562 521 629 τοῖς
538 553 692 635 Ἓλλησιν
713 552 978 635 ἐπιβουλεύοντα,
1001 555 1156 638 τοσούτω
1237 568 1238 653 ρ

134 656 199 719 3τδ
222 658 254 720 τί
275 656 335 740 χρή
357 665 465 721 ποιεῖν
492 658 736 739 συμβουλεῦσαι
762 658 996 739 χαλεπώτερον.
1041 659 1156 721 αἴτιον
1237 656 1238 739 1

165 761 201 823 δὲ
229 762 370 839 τούτων,
405 760 454 823 ὅτι
483 761 619 841 πάντες,
653 756 679 823 ὦ
708 760 826 843 ἄνδρες
849 756 1036 842 Ἀθηναῖοι,
1068 762 1155 837 τοὺς

163 867 367 947 πλεονεκτεῖν
400 865 574 945 ζητοῦντας
608 864 692 950 ἔργῳ
723 865 862 928 κωλύειν
894 866 950 928 καί
982 863 1152 948 πράξεσιν,
1237 868 1238 877 ’

164 968 237 1050 οὐχί
270 968 378 1050 λόγοις
411 968 504 1048 δέον,
539 976 670 1052 πρῶτον
703 969 762 1051 μὲν
794 968 887 1050 ἡμεῖς
915 968 948 1032 ολ
974 970 1154 1051 παριόντες

164 1075 291 1137 τούτων
305 1073 367 1154 μὲν
382 1072 568 1156 ἀφέσταμεν
582 1072 639 1135 καλ
660 1072 800 1155 γράφειν
822 1072 878 1134 καὶ
902 1072 1152 1154 συμβουλεύειν,

163 1176 223 1257 τὴν
244 1175 327 1259 πρὸς
349 1176 435 1258 ὑμᾶς
457 1176 635 1259 ἀπέχθειαν
658 1175 841 1254 ὀκνοῦντες,
864 1173 919 1240 οἶα
940 1185 1028 1239 ποιεῑ
1048 1175 1077 1238 δ’
1104 1174 1153 1251 ὡς

161 1280 264 1359 δεινά,
286 1280 343 1343 καλ
357 1282 494 1344 τοιαῦτα
508 1277 753 1361 διεξερχόμεθα·
776 1278 878 1344 ἔπειθ’
894 1278 986 1361 ὑμεῖς
1008 1279 1040 1342 ολ
1060 1284 1146 1341 καθ-

160 1384 283 1465 ήμενοι,
307 1382 350 1459 ὡς
370 1384 431 1466 μὲν
454 1383 629 1447 δνείποιτε
649 1383 799 1459 δικαίους
819 1384 938 1467 λόγους
959 1384 1015 1446 καί
1035 1384 1148 1465 λέγον·

163 1508 218 1561 τος
241 1488 340 1549 ἄλλου
364 1487 521 1568 συνείητε,
546 1490 681 1568 άμεινον
698 1488 864 1550 Φιλίππου
884 1487 1146 1568 παρεσκεύασθε,

164 1588 208 1664 ὡς
230 1589 266 1652 δὲ
288 1589 469 1653 κωλύσαιτ’
501 1589 543 1653 διν
569 1588 696 1653 ἐκεῖνον
723 1591 877 1672 πράττειν
904 1585 992 1653 ταῦτ’
1025 1588 1075 1672 ἐφ’
1098 1589 1149 1653 ὧν

132 1692 228 1756 κέστι
250 1701 322 1774 νύν,
344 1694 509 1768 παντελῶς
531 1692 638 1776 άρμῶς
653 1693 747 1775 ἔχετε.
783 1694 954 1775 συμβαίνει
969 1692 1010 1774 δὴ
1025 1695 1146 1775 πρᾶγμ’

164 1797 357 1879 ἀναγκαῖον,
392 1792 498 1879 οἶμαι,
532 1797 587 1860 καί
618 1799 697 1871 ίοως
718 1796 819 1871 είκός·
857 1795 894 1860 ἐν
921 1795 971 1871 οἷς
999 1795 1146 1878 ἑκάτεροι

162 1900 342 1982 διατρίβετε
364 1899 419 1962 καλ
440 1899 515 1982 περὶ
538 1901 559 1962 οἳ
582 1899 786 1976 σπουδάζετε,
809 1902 899 1962 ταῦτ’
916 1902 1052 1980 άμεινον
1074 1899 1145 1963 ἑκα·
1237 1952 1238 1995 η

161 2004 269 2087 τέροις
291 2003 364 2085 ἔχει,
387 2001 500 2088 ἐκείνῳ
521 2002 583 2084 μὲν
605 2002 639 2064 αἱ
660 2000 805 2085 πράξεις,
834 2001 914 2083 ύμῖν
935 2003 964 2065 δ’
988 2001 1019 2064 οἱ
1042 2002 1144 2084 λόγοι.
1237 2002 1238 2069 ί

164 2105 274 2188 εἰμὲν
301 2102 364 2170 ούν
385 2107 441 2169 καὶ
468 2114 532 2169 νῦν
558 2106 664 2188 λέγειν
690 2103 867 2188 δικαιότερ’
900 2105 979 2187 ὑμῖν
1008 2103 1144 2188 ἐξαρκεῖ,
1237 2100 1238 2177 ί

132 2211 287 2297 οββδιον,
309 2211 365 2273 καί
386 2212 488 2286 πόνος
511 2210 621 2285 οὐδείς
648 2211 802 2294 πρόσεστι
828 2219 874 2295 τῷ
900 2213 1083 2294 πράγματα·
1117 2212 1146 2275 εί
1237 2232 1238 2283 ι

163 2317 191 2378 δ’
227 2314 314 2388 ὅπως
345 2315 386 2377 τδι
418 2315 552 2396 παρόνί
581 2312 895 2397 ἐπανορθωθήσεται
926 2314 980 2377 δεῖ
1010 2324 1146 2378 σκοπεῖν
1237 2296 1238 2381 J

163 2418 219 2481 καλ
240 2416 284 2499 μή
307 2419 503 2500 προελθόντ’
533 2417 579 2481 ἔτι
600 2417 799 2500 πορρωτέρω
820 2417 911 2497 λήσει
937 2416 1038 2481 πάνθ’
1062 2416 1146 2500 ήμάς

162 2522 238 2603 μηδ’
267 2519 472 2601 ἐπιστήσεται
501 2519 640 2602 μέγεθος
667 2520 852 2603 δυνάμεως,
885 2520 967 2604 πρὸς
999 2520 1042 2601 ἣν
1072 2521 1143 2585 οὐδ
1237 2534 1238 2561 ³

163 2624 301 2704 άντάραι
335 2623 564 2705 δυνησόμεθα,
598 2621 658 2706 οὐχ
700 2622 718 2685 δ
757 2623 856 2698 αὐτὸς
887 2625 1008 2707 τρόπος
1046 2625 1143 2707 ὅσπερ

163 2727 324 2810 πρότερον
346 2735 406 2789 τοῦ
435 2726 671 2807 βουλεύεσθαι,
705 2726 785 2790 ἀλλὰ
813 2727 869 2789 καὶ
896 2736 964 2801 τοῖς
992 2727 1143 2809 λέγουσιν

163 2830 266 2893 ἅπασι
298 2829 354 2892 καὶ
386 2839 454 2905 τοῖς
494 2829 675 2893 ἀκούουσιν
711 2828 791 2911 ύμῖν
826 2830 868 2892 τδι
903 2830 1054 2912 βέλτιστα
1089 2832 1143 2894 καλ

162 2935 202 2998 τδι
240 2938 388 2997 σώσοντα
424 2942 489 2996 τόν
525 2932 655 3019 ῥᾴστων
691 2934 748 2996 καί
789 2941 855 2997 τῶν
890 2933 1035 3015 ήδίστων
1070 2956 1143 3019 προ

163 3038 317 3122 αιρετέον.

133 3159 149 3207 6
264 3146 404 3224 Πρῶτον
418 3142 489 3224 μέν,
511 3144 544 3204 εί
554 3162 613 3219 τις,
637 3137 663 3203 ὦ
687 3141 804 3223 ἄνδρες
823 3136 1002 3222 Ἀθηναῖοι,
1025 3147 1146 3226 θαρρεῖ

164 3247 251 3327 δρῶν
283 3245 393 3328 ἡλίκος
425 3244 488 3326 ήδη
522 3244 578 3306 καί
612 3244 700 3308 ὅσων
731 3245 846 3327 κύριός
874 3244 941 3309 ἐστι
972 3247 1143 3325 Φίλιππος,
1237 3284 1238 3297 1

162 3350 219 3412 καλ
250 3349 362 3431 μηδέν’
392 3351 495 3412 οίεται
521 3347 679 3412 κίνδυνον
711 3347 824 3430 φέρειν
850 3357 948 3411 τοῦτο
980 3356 1020 3432 τῇ
1053 3351 1144 3415 πόλει

164 3453 243 3533 μηδ’
272 3451 327 3533 ἐφ’
361 3453 447 3533 ὑμᾶς
478 3453 586 3514 πάντα
618 3452 940 3533 παρασκευάζεσθαι,
972 3455 1142 3535 θαυμάζω,
1237 3486 1238 3489 “

164 3554 221 3614 καὶ
247 3553 409 3633 δεηθῆναι
436 3554 569 3616 πάντων
598 3552 719 3633 ὁμοίως
746 3551 839 3633 ὑμῶν
871 3555 1032 3634 βούλομαι
1066 3556 1142 3630 τοὺς
