2484 3992
378 267 504 328 ΚΑΤΑ
530 267 760 328 ΦΙΛΙΠΠΟΤ
779 267 814 327 Γ.
1024 262 1086 328 103

102 452 148 516 ἂν
160 455 212 534 εἴη
224 452 342 533 λέγειν·
366 450 504 537 ἐνιαυτῷ
520 451 556 515 δὲ
571 453 731 536 πρότερον
741 461 798 534 τής
808 452 956 527 ἁλώσεως
968 453 1086 516 ἐνέδει-

101 552 159 631 ξεν
185 552 228 629 ὡς
248 554 414 637 προδότην
435 554 492 618 τὸν
510 556 701 638 Φιλιστίδην
722 557 870 631 καὶτοὺς
885 553 950 638 μετ’
970 555 1084 634 αὐτοῦ,

103 658 306 740 αἰσθόμενος
328 660 349 721 ἀ
371 660 579 742 πράττουσιν.
616 660 855 742 συστραφέντες
869 660 897 722 δ’
915 663 1086 742 ἄνθρωποι

102 763 221 825 πολλοὶ
243 762 299 825 καῖ
320 763 462 846 χορηγόν
485 762 611 845 ἔχοντες
636 764 801 826 Φίλιππον
822 762 878 825 καλ
905 782 1084 845 πρυτανευ·

7 866 9 907 ί
104 868 230 949 όμενοι,
255 866 420 950 ἀπάγουσι
441 867 499 931 τὸν
521 868 696 949 Εὐφραῖον
718 867 764 941 είς
785 867 823 930 τὸ
852 866 1087 949 δεσμωτήριον,

105 967 152 1044 ὡς
176 972 440 1054 συνταράττοντα
462 969 523 1052 τήν
544 971 648 1033 πόλιν.
681 969 768 1054 δρῶν
782 970 819 1033 δέ
834 973 930 1033 ταῦθ
946 970 965 1032 ό
980 971 1085 1052 δῆμος
1093 983 1127 1031 59

7 1092 9 1175 η
104 1073 214 1139 ὁτῶν
236 1075 404 1157 Ὠρειτῶν,
436 1073 508 1138 ἀντί
534 1083 595 1137 του
622 1081 668 1158 τῷ
695 1074 755 1156 μὲν
776 1072 926 1155 βοηθεῖν,
956 1075 1034 1149 τοὺς
1057 1072 1085 1133 δ’

7 1180 9 1217 ί
106 1176 385 1258 ἀποτυμπανίσαι,
412 1186 481 1252 τοῖς
502 1178 563 1258 μέν
585 1176 648 1240 οὐκ
671 1176 831 1261 ὠργίζετο,
859 1176 967 1240 τόνδ’
992 1174 1095 1257 ἐπιτή-

7 1324 8 1329 1
105 1282 198 1344 δειον
220 1290 325 1345 ταῦτα
349 1285 473 1345 παθεῖν
501 1281 564 1363 ἔφη
593 1279 797 1364 κάπὲχαιρεν.
830 1281 909 1361 μετὰ
935 1283 1032 1343 ταῦθ’
1056 1279 1089 1343 ολ

105 1384 167 1466 μέν
190 1383 239 1447 ἐπ’
269 1381 419 1460 ἐξουσίας
452 1384 574 1466 όπόσης
606 1383 777 1467 ήβούλοντ
813 1383 971 1467 ἔπραττον
999 1382 1088 1457 ὅπως

105 1487 127 1569 ἡ
150 1489 244 1563 πόλις
266 1491 480 1572 ληφθήσεται,
501 1489 557 1551 καλ
579 1488 854 1564 κατεσκευάζοντο
875 1488 936 1569 τήν
954 1485 1086 1571 πρᾶξιν·

105 1596 172 1655 τῶν
184 1590 221 1654 δὲ
235 1593 365 1654 πολλάν
379 1593 412 1655 εί
422 1613 471 1666 τις
488 1594 648 1670 αίσθσιτο,
665 1589 757 1673 έσίγα
769 1592 825 1654 καλ
836 1592 1087 1673 κατεπέπληκτο,

105 1695 164 1758 τὸν
180 1693 356 1778 Εὐφραῖον
378 1693 418 1758 οῖ’
436 1696 559 1759 ἔπαθεν
574 1696 784 1777 μεμνημένοι.
815 1696 902 1758 οὕτω
920 1692 948 1758 δ’
967 1696 1090 1769 ἀθλίως

107 1800 276 1878 διέκειντο,
299 1799 382 1862 ὥστε
396 1798 437 1862 οὐ
452 1800 612 1883 πρότερον
628 1798 803 1881 ἐτόλμησεν
817 1799 926 1873 οὐδεὶς
936 1801 1089 1862 τοιούτου

107 1910 213 1967 κακοῦ
236 1903 429 1985 προσιόντος
448 1900 543 1986 ῥῆξαι
559 1902 686 1985 φωνήν,
700 1902 780 1986 πρὶν
795 1902 1091 1983 διασκευασάμενοι

107 2007 191 2092 πρὸς
212 2007 255 2070 τὰ
274 2007 362 2090 τείχη
378 2012 565 2091 προσήισαν
580 2007 612 2070 ολ
628 2008 793 2089 πολέμιοι·
816 2016 998 2088 τηνικαῦτα
1013 2006 1042 2067 δ’
1060 2005 1091 2067 οἱ

109 2110 170 2194 μὲν
198 2109 380 2192 ήμόνουτο,
416 2109 447 2173 ολ
475 2111 512 2174 δὲ
539 2111 775 2195 προύδίδοσαν.
820 2120 877 2193 τής
908 2112 1032 2185 πόλεως
1060 2110 1134 2173 δόο

107 2215 214 2289 οὕτως
236 2213 377 2296 ἁλούσης
410 2213 549 2298 αἰσχρῶς
570 2217 626 2278 καῖ
640 2224 747 2291 κακῶς
762 2215 795 2277 ολ
809 2214 869 2296 μὲν
886 2215 1092 2298 ἄρχουσικαὶ

109 2326 328 2403 τυραννοῦσι,
350 2320 428 2393 τοὺς
447 2320 520 2382 τότε
542 2322 703 2404 σβζοντας
718 2319 856 2394 ἑαυτοὺς
877 2320 933 2382 καῖ
954 2320 1014 2382 τὸν
1028 2317 1092 2381 Εὐ·

109 2430 231 2507 φραῖον
274 2421 425 2503 ἑτοίμους
438 2422 552 2487 ότιοιῖν
572 2432 679 2486 ποιεῖν
701 2424 797 2497 όντας
817 2423 897 2497 τοὺς
917 2422 977 2504 μέν
999 2421 1090 2502 έκβα·

108 2528 229 2604 λόντες,
249 2526 331 2601 Ιτοὺς
352 2526 381 2589 δ’
407 2526 666 2605 ἀποκτείναντες,
690 2525 708 2588 δ
731 2525 760 2588 δ’
776 2524 947 2609 Εὐφραῖος
969 2524 1092 2597 ἐκεῖνος

110 2625 296 2711 ἀπέσφαξεν
312 2626 442 2707 ἑαυτόν,
463 2628 545 2713 ε’ρμφ
567 2627 794 2712 μαρτυρήσας,
817 2629 866 2691 ότι
883 2628 939 2691 καλ
956 2627 1091 2701 δικαίως

108 2733 163 2795 καῖ
178 2736 335 2815 καθαροῖς
349 2732 433 2815 ὑπὲρ
453 2740 521 2796 τῶν
540 2735 682 2795 πολιτῶν
704 2731 912 2813 ἀνθειστήκει
929 2733 1088 2815 Φιλίππῳ.

216 2835 257 2897 Τί
277 2830 339 2898 οὖν
360 2838 431 2898 ποτ’
447 2838 562 2918 αίτιον,
584 2835 762 2915 θαυμάζετ’
779 2836 866 2913 ίσως,
889 2834 926 2897 τὸ
941 2835 997 2897 καλ
1010 2835 1130 2908 τοὺςσι

107 2935 300 3013 Ὀλυνθίους
322 2939 378 3001 καλ
392 2940 471 3013 τοὺς
481 2937 664 3021 Ἐρετριέας
678 2937 734 2999 καλ
748 2939 826 3012 τοὺς
837 2933 982 3021 Ὠρείτας
996 2937 1093 3018 ήδιον

112 3042 195 3124 πρὸς
216 3042 294 3117 τοὺς
315 3041 399 3124 ὑπὲρ
424 3042 592 3104 Φιλίππου
606 3042 762 3122 λέγοντας
778 3040 863 3122 ἔχειν
879 3039 898 3120 ή
914 3040 992 3113 τοὺς
1006 3038 1091 3120 ὑπὲρ

113 3145 244 3225 αδτάν,·
276 3145 354 3228 ὅπερ
377 3145 433 3207 καὶ
455 3148 530 3228 παρ’
554 3144 645 3227 ὑμῖν,
674 3145 725 3206 ὅτι
746 3152 814 3218 τοῖς
836 3142 897 3224 μέν
925 3141 1009 3225 ὑπὲρ
1031 3152 1092 3205 τοῦ

109 3249 274 3329 βελτίστου
308 3248 460 3329 λέγουσιν
492 3247 571 3310 οὐδὲ
600 3247 812 3329 βουλομένοις
842 3246 966 3309 ἔνεστιν
987 3244 1091 3309 ἐνίοτε

111 3351 193 3434 πρὸς
221 3351 318 3434 χάριν
340 3350 440 3414 οὐδὲν
469 3350 589 3414 εἰπεῖν·
622 3351 663 3413 τὰ
691 3351 755 3434 γὰρ
781 3352 942 3433 πράγματ’
967 3349 1091 3432 ἀνάγκη

114 3463 247 3518 σκοπεῖν
270 3454 359 3529 ὅπως
382 3452 582 3535 σωθήσεται·
607 3453 639 3516 ολ
663 3453 693 3514 δ’
710 3452 747 3516 έν
762 3453 875 3528 αὐτοῖς
889 3450 939 3528 οίς
953 3453 1044 3536 ηαρίζ
1084 3487 1095 3498 -

120 3579 184 3639 ται,
210 3559 359 3643 Φιλίππφ
384 3559 659 3640 συμπράττουσιν.
697 3557 860 3641 εἰσφέρειν
882 3556 1044 3636 ἐκέλευον,
1067 3556 1141 3619 οἱον

1109 3828 1136 3862 Α
