2484 3992
211 1092 450 1188 Demosthenis
479 1120 649 1184 orationes
679 1126 755 1181 octo
779 1138 865 1201 quae
893 1118 928 1180 in
957 1119 1083 1183 nostris

105 1217 234 1284 scholis
256 1220 325 1306 legi
348 1223 456 1289 solent
487 1222 639 1289 editurus
662 1220 707 1286 ad
737 1218 976 1306 discipulorum
1002 1243 1083 1287 usus

104 1324 383 1392 accommodatas
396 1349 439 1391 ex
450 1325 675 1391 Dindorfiana
691 1324 838 1390 editione
850 1334 972 1410 quarta
984 1347 1084 1410 quam

103 1428 239 1491 curavit
262 1427 356 1494 Frid.
372 1428 471 1494 Blass
495 1451 562 1494 non
585 1427 679 1492 nulla
702 1428 824 1512 recepi,
848 1449 933 1512 quae
955 1426 1084 1494 hiatum

105 1526 327 1617 braviumque
356 1532 562 1617 syllabarum
590 1551 789 1597 concursum
810 1529 944 1595 vitandi
971 1533 1083 1614 gratia

104 1629 150 1695 ab
164 1631 223 1697 illo
235 1636 308 1699 viro
322 1634 515 1700 doctissimo
528 1644 684 1701 correcta
696 1643 785 1711 sunt,
798 1655 905 1718 neque
917 1631 985 1698 alia
998 1656 1084 1720 quae

107 1738 181 1802 eius
198 1759 299 1822 opera
315 1738 461 1803 feliciter
483 1761 558 1804 esse
575 1736 754 1803 emendata
770 1735 967 1801 viderentur
989 1759 1084 1823 repu-

107 1837 213 1903 diavi.
257 1839 325 1905 Ubi
347 1862 427 1905 vero
451 1840 509 1905 ille
538 1840 682 1905 oratoris
705 1838 811 1904 verba
833 1847 892 1903 aut
915 1838 1084 1905 rhetorum

107 1938 317 2007 Graecorum
350 1944 544 2008 testimonia
577 1943 632 2007 vel
669 1943 876 2007 imitationes
913 1940 1083 2007 subiciens

108 2045 257 2111 eiecerat
291 2056 349 2111 aut
384 2045 426 2111 oh
464 2047 629 2112 incertam
666 2044 836 2132 quandam
871 2067 1084 2111 numerorum

106 2147 385 2233 aequabilitatem
407 2169 474 2213 non
498 2152 571 2213 sine
593 2150 628 2214 vi
652 2150 888 2213 immutaverat
895 2168 912 2229 ,⁴
933 2169 1009 2212 cum
1031 2150 1083 2212 in·

64 2260 67 2263 ’
107 2254 243 2318 cautius
272 2252 358 2319 haee
386 2253 430 2319 ab
461 2276 499 2318 eo
525 2255 619 2319 facta
643 2276 717 2318 esse
738 2252 821 2317 mihi
845 2250 980 2336 quidem
1006 2272 1083 2315 con-

108 2364 232 2436 staret,
261 2376 323 2439 ego
351 2353 544 2442 plerumque
567 2355 654 2421 redii
684 2356 731 2422 ad
756 2355 910 2421 codicum
939 2357 1083 2420 auctori·

112 2467 221 2524 tatem
242 2459 296 2522 vel
327 2460 473 2524 omnium
494 2458 548 2523 vel
579 2461 726 2524 maxime
754 2458 882 2524 codicis
906 2461 945 2520 Σ
991 2457 1085 2539 Quae

111 2561 171 2625 alii
193 2562 258 2625 viri
288 2560 379 2627 docti
407 2573 445 2627 ut
474 2573 654 2647 corruptae
682 2560 842 2626 videlicet
870 2559 1085 2627 mederentur

107 2664 294 2750 scripturae
308 2664 395 2730 bene
407 2666 656 2748 excogitarunt,
671 2687 738 2729 non
749 2686 930 2748 numquam
941 2662 1082 2747 admisi3

112 2764 153 2830 de
175 2788 247 2832 meo
270 2770 400 2832 mutavi
423 2789 523 2852 quam
544 2769 761 2854 paucissima.

212 2869 408 2936 Orationem
444 2870 485 2936 de
518 2870 730 2954 Halonneso‚
773 2872 929 2956 quoniam
962 2869 1084 2936 Demo·

112 2972 250 3055 sthenis,
273 2996 340 3039 non
356 2973 542 3060 Hegesippi
565 2976 735 3040 orationes
760 2972 936 3057 discipulis
958 2974 1084 3039 nostris

112 3094 295 3161 proponere
318 3077 481 3160 iubemur,
505 3077 651 3154 exclusi3
678 3079 781 3142 etiam
795 3076 1003 3163 Philippicae
1018 3086 1084 3142 ter·

114 3180 182 3244 tiae
204 3203 290 3266 quae
306 3179 478 3266 amplioris
502 3181 711 3247 recensionis
734 3180 769 3244 in
792 3200 914 3262 magno
930 3178 1084 3244 codicum

113 3303 245 3347 numero
275 3290 438 3367 apparent
467 3283 614 3366 vestigia
643 3284 790 3368 recipere
824 3279 970 3346 alienum
1002 3281 1084 3345 mihi

115 3384 292 3451 videbatur
322 3385 366 3451 ab
394 3385 459 3451 hac
482 3386 617 3472 quidem
646 3384 804 3450 editione.
848 3384 973 3449 Verum
996 3382 1085 3468 quod

115 3487 148 3551 in
163 3489 348 3576 appendice
363 3501 478 3577 partes
494 3489 624 3575 aliquot
641 3493 829 3557 orationum
848 3505 948 3556 xvllr.
964 3497 996 3550 et
1014 3502 1084 3553 xlx

402 3585 676 3711 arseio
929 3589 962 3639 2*
