2484 3992
169 240 209 304 16
455 240 481 306 Ι.
505 241 862 305 ΔΗΜΟΣὈΕΝΟῬΣ

167 430 336 514 μάρτυρας
363 437 429 492 τῶν
452 429 745 513 στρατηγουμένων
772 431 828 493 καὶ
858 430 1015 507 δικαστάς
1037 434 1151 495 οίκαδ*

167 532 323 609 ἐλθόντας
336 541 403 596 τῶν
420 533 585 612 εὐθυνῶν,
609 533 691 596 ὥστε
706 532 749 614 μὴ
774 532 910 597 ἀκούειν
931 534 1037 616 μόνον
1059 535 1153 617 ὑμᾶς

166 636 206 699 τά
227 633 353 719 ὑμέτερ’
379 636 499 715 αὐτῶν,
523 636 604 698 ἀλλὰ
626 637 682 699 καὶ
702 636 869 719 παρόντας
891 636 983 718 όράν.
1027 647 1095 702 νῦν
1117 639 1151 702 δ’

164 742 210 816 είς
230 738 323 804 τοῦθ’
347 741 419 823 ἣκει
441 740 481 803 τὰ
502 743 666 825 πράγματ’
682 740 847 823 αίσχύνης,
872 741 955 805 ὥστε
965 750 1034 805 τῶν
1048 759 1148 825 στρα-

166 852 275 926 τηγῶν
295 842 430 919 ἕκαστος
451 843 504 919 δὶς
524 843 581 907 καλ
602 844 672 925 τρὶς
693 845 837 924 κρίνεται
859 847 935 927 παρ’
963 844 1044 927 ύμῖν
1068 847 1153 929 περὶ

165 948 326 1026 θανάτου,
342 947 423 1029 πρὸς
434 946 470 1010 δὲ
482 948 560 1022 τοὺς
571 945 710 1028 ἐχθροὺς
722 946 832 1022 οὐδεὶς
849 947 922 1011 οὐδ’
935 945 1019 1023 ἅπαξ
1032 947 1150 1012 αὐτῶν

165 1050 392 1133 ἀγωνίσασθαι
403 1051 478 1133 περὶ
488 1052 640 1115 θανάτου
651 1053 764 1134 τολμηῖ,
781 1049 863 1113 ἀλλὰ
874 1049 933 1114 τὸν
943 1059 1010 1114 τῶν
1021 1051 1148 1134 ἄνδρα·

164 1154 331 1218 ποδιστδν
350 1155 407 1218 καλ
428 1153 630 1217 λωποδυτῶν
650 1154 801 1218 θάνατον
821 1156 946 1235 μᾶλλον
968 1153 1148 1236 αἱροῦνται

163 1266 223 1321 τοῦ
234 1256 473 1339 προσήκοντος·
485 1256 675 1338 κακούργου
685 1255 747 1337 μὲν
757 1258 821 1339 γάρ
828 1255 896 1319 ἐστι
907 1256 1050 1340 κριθέντ’
1064 1257 1145 1321 ἀπο-

122 1377 155 1426 48
164 1367 292 1438 θανεῖν,
316 1369 501 1443 στρατηγοῦ
515 1359 553 1424 δὲ
567 1361 756 1443 μαχόμενον
768 1369 838 1436 τοῖς
852 1361 1025 1442 πολεμίοις.
1048 1360 1148 1443 ἡμῶν

165 1464 194 1527 δ’
218 1463 250 1526 οἱ
275 1462 337 1545 μέν
363 1463 544 1545 περιιόντες
569 1462 652 1543 μετά
674 1462 947 1543 Λακεδαιμονίων
975 1464 1060 1545 φασὶ
1084 1466 1145 1528 Φί-

164 1569 285 1630 λιππον
304 1567 460 1649 πράττειν
473 1565 535 1647 τὴν
547 1567 701 1648 Θηβαίων
715 1567 896 1629 κατάλυσιν
909 1565 966 1629 καλ
980 1567 1039 1642 τὰς
1052 1569 1145 1630 πολι·

165 1671 252 1744 τείας
273 1670 427 1750 διασπᾶν,
450 1669 482 1732 οἱ
504 1670 532 1732 δ’
557 1667 601 1743 ὡς
622 1670 772 1751 πρέσβεις
793 1670 965 1753 πέπομφεν
988 1667 1032 1745 ὡς
1052 1671 1145 1752 βασι-

163 1776 230 1851 λέα,
253 1772 286 1836 οἱ
307 1770 337 1835 δ’
361 1773 398 1837 ἐν
413 1776 579 1856 Ἰλλυριοῖς
600 1774 710 1848 πόλεις
731 1774 886 1855 τειχίζειν,
909 1772 942 1836 οἱ
964 1772 1002 1836 δὲ
1023 1774 1146 1855 λόγους

120 1892 154 1940 49
163 1879 356 1952 πλάττοντες
377 1875 511 1951 ἕκαστος
533 1877 779 1958 περιερχόμεθα.
817 1875 881 1957 ἐγὼ
903 1876 933 1939 δ’
955 1873 1048 1958 οἶμαι
1070 1878 1144 1958 μέν,

165 1975 191 2043 ὦ
215 1981 331 2062 ἄνδρες
349 1976 535 2060 Ἀθηναῖοι,
565 1978 605 2060 νὴ
629 1979 707 2053 τοὺς
733 1980 834 2054 θεοὺς
856 1977 983 2043 ἐκεῖνον
1004 1983 1145 2062 μεθύειν

163 2093 207 2169 τῷ
230 2083 361 2165 μεγέθει
382 2090 449 2145 τῶν
462 2083 702 2164 πεπραγμένων
715 2083 890 2146 καὶπολλὰ
912 2087 1035 2147 τοιαῦτ’
1058 2083 1143 2148 όνει·

164 2182 318 2271 ροπολεῖν
328 2185 366 2251 ἐν
375 2194 414 2270 τῇ
426 2187 550 2269 γνώμη,
573 2185 634 2267 τόν
648 2182 674 2248 τ’
692 2185 830 2268 ἐρημίαν
845 2193 911 2249 τῶν
925 2187 1144 2251 κωλυσόντων

164 2292 293 2375 ὁρῶντα
314 2291 370 2354 καί
390 2299 460 2365 τοῖς
480 2291 723 2373 πεπραγμένοις
744 2289 937 2373 ἐπηρμένον,
965 2289 1008 2352 ού
1030 2290 1142 2372 μέντοι

164 2396 210 2477 μὰ
216 2396 269 2458 Δί
282 2394 369 2459 οὕτω
384 2415 421 2476 γε
436 2397 669 2476 προαιρεῖσθαι
687 2394 851 2476 πράττειν,
864 2393 946 2456 ὥστε
956 2393 1034 2467 τοὺς
1046 2393 1140 2475 άνοη-

164 2501 320 2574 τοτάτους
331 2505 397 2562 τῶν
406 2500 482 2581 Ιπαρ’
493 2496 574 2579 ἡμῖν
584 2498 718 2577 εἰδέναι,
730 2499 763 2560 τί
771 2499 877 2579 μέλλει
886 2507 993 2562 ποιεῖν
1001 2497 1138 2575 ἐκεῖνος·

121 2621 155 2667 οο
166 2600 379 2684 ἀνοητότατοι
399 2604 464 2685 γάρ
486 2601 571 2664 εἰσιν
592 2600 626 2664 οἱ
640 2603 896 2683 λογοποιοῦντες.
921 2598 988 2664 ἀλλ’
1014 2602 1057 2664 ἂν
1080 2602 1137 2686 άφ-

163 2708 251 2782 έντες
272 2707 363 2769 ταῦτ’
387 2702 481 2767 ἐκεῖν’
504 2703 652 2785 εἰδῶμεν,
676 2704 726 2767 ότι
748 2702 865 2786 ἐχθρός
887 2702 1138 2786 ἄνθρωποςκαὶ
1230 2706 1231 2781 ἰ

161 2809 203 2872 τὰ
224 2806 350 2889 ἡμέτερ’
373 2805 458 2887 ἡμεῖς
487 2805 659 2889 ἀποστερεῖ
680 2806 736 2869 καὶ
757 2807 877 2890 χρόνον
898 2808 1004 2869 πολὺν
1026 2808 1137 2891 ύβρικε

163 2913 218 2976 καὶ
241 2906 374 2990 ἅπανθ’,
398 2910 459 2973 ὅσα
481 2912 603 2973 πώποτ’
616 2909 799 2992 ἠλπίσαμέν
812 2932 887 2973 τινα
901 2909 1039 2994 πράξειν
1056 2911 1136 2994 ὑπὲρ

162 3015 265 3098 ἡμῶν,
288 3010 460 3095 καθ’ίγμῶν
481 3014 617 3096 εὕρηται
639 3014 757 3076 καὶτὰ
779 3014 861 3076 λοίπ’
878 3011 914 3076 ἐν
936 3014 1048 3089 αὐτοῖς
1062 3013 1138 3096 ἡμῖν

163 3119 246 3198 ἐστί,
279 3116 343 3180 κᾶν
364 3116 408 3199 μὴ
430 3125 494 3180 νῦν
516 3115 682 3198 ἐθέλωμεν
703 3115 769 3180 ἐκεῖ
789 3119 942 3198 πολεμεῖν
964 3116 1068 3201 αύτῷ,
1091 3117 1136 3181 ἐν·

161 3222 239 3286 θάδ
263 3223 341 3296 ίσως
374 3216 682 3303 άναγκασθησόμεθί
708 3220 790 3284 αύτὸ
819 3229 937 3301 ποιεῖν,
972 3221 1014 3283 ἂν
1046 3223 1135 3283 ταῦτ’

162 3324 311 3405 εἰδῶμεν,
333 3323 390 3386 καλ
411 3323 452 3386 τά
475 3319 578 3384 δέοντ’
604 3321 733 3404 ἐσόμεθ’
756 3321 933 3405 ἐγνωκότες
953 3323 1010 3385 καῖ
1032 3324 1137 3405 λόγων

163 3427 310 3508 ματαίων
332 3425 589 3508 ἀπηλλαγμένοι·
619 3425 660 3487 ού
683 3425 746 3508 γὰρ
768 3424 849 3489 άττα
870 3428 940 3489 ποτ’
964 3426 1064 3506 ἔσται,
1089 3427 1138 3489 δεῖ
