2484 3992
26 3816 37 3949 ,Q

366 296 489 359 ΚΑΤΑ
514 296 746 357 ΦΙΛΙΠΠΟΥ
764 296 800 356 B.
1030 292 1070 355 67

88 485 245 570 ἐμπεσὼν
266 486 395 572 ἐμαυτῷ
418 486 479 569 μέν
501 484 532 562 ἐξ
548 488 622 549 ἰσου
639 487 737 567 λόγον
751 481 827 567 παρ’
843 485 923 567 ὑμῖν
936 486 1073 567 ποιήσω,

88 601 162 666 τοῖς
173 591 204 653 δ’
217 589 289 673 έμοί
303 592 570 673 προσκρούσασιν
585 587 617 666 ἐξ
633 588 733 672 ἀρχῆς
754 588 810 650 καί
831 597 895 651 νῦν
916 591 1073 672 παράσχω

88 696 264 778 πρόφασιν
290 703 350 758 τοῦ
372 697 471 756 πάλιν
491 716 523 756 τι
545 694 658 775 λαβεῖν
678 692 767 775 παρὰ
793 693 972 771 Φιλίππου,
1002 694 1074 756 οὐδ’

90 798 134 862 ῒν’
161 797 206 875 ὡς
229 802 331 874 άλλως
354 799 533 881 ἀδολεσχῶ·
557 797 626 860 ἀλλ’
648 799 761 879 οἰομαί
780 798 857 861 ποθ’
874 797 959 879 ὑμεῖς
974 799 1071 880 λυπή·

90 919 165 966 σειν
188 905 210 965 ἃ
235 904 394 977 Φίλιππος
415 903 548 985 πράττει
569 903 694 982 μᾶλλον
715 901 735 982 ή
758 901 798 963 τὰ
820 903 911 964 νυνί·
944 902 981 964 τὸ
1009 903 1073 984 γὰρ
1083 918 1117 967 33

90 1009 218 1088 πρᾶγμ’
234 1006 301 1089 δρῶ
323 1007 514 1088 προβαῖνον,
537 1005 592 1068 καί
608 1004 681 1087 οὐχὶ
695 1005 875 1087 βουλοίμην
891 1005 933 1068 ἂν
947 1006 1084 1082 εἰκάζειν

91 1110 215 1193 ὀρθῶς,
238 1111 405 1193 φοβοῦμαι
420 1109 457 1172 δὲ
478 1110 524 1191 μή
545 1110 620 1173 λίαν
643 1107 739 1191 ἐγγὺς
755 1100 775 1192 ᾗ
790 1112 876 1170 τοῦτ’
891 1109 965 1191 ήδη.
997 1110 1077 1172 ὅταν

92 1210 158 1278 οὖν
180 1214 295 1296 μηκέθ’
319 1213 398 1296 ύμῖν
421 1212 552 1294 ἀμελεῖν
579 1213 710 1290 ἐξουσία
732 1215 882 1295 γίγνηται
909 1221 976 1275 τῶν
999 1230 1075 1294 συμ-

92 1319 296 1399 βαινόντων,
330 1318 405 1400 μηδ’
434 1318 571 1397 ἀκούηθ’
601 1317 651 1380 ότι
679 1319 768 1379 ταῦτ’
797 1315 847 1400 ἐφ’
875 1316 960 1399 ὑμεῖς
989 1316 1077 1380 ἐστιν

93 1421 178 1505 ἐμοῦ
202 1422 284 1503 μηδὲ
306 1426 365 1485 τοῦ
389 1422 510 1501 δεῖνος,
542 1421 610 1483 ἀλλ’
634 1421 729 1484 αὐτοὶ
757 1423 875 1496 πάντες
902 1421 998 1504 ὀροῖτε
1020 1423 1077 1485 καλ

93 1522 133 1590 εὖ
156 1525 274 1607 εἰδῆτε,
298 1523 450 1608 ὀργίλους
471 1525 526 1586 καί
548 1534 676 1609 τραχεῖς
690 1525 775 1607 ὑμᾶς
790 1525 924 1589 ἔσεσθαι
945 1527 1039 1608 νομίζ
1067 1575 1075 1589 .

93 1630 267 1713 φοβοῦμαι
289 1628 329 1711 δή
352 1629 396 1711 μή
418 1637 485 1692 των
506 1629 675 1711 πρέσβεων
698 1631 945 1711 σεσιωπηκότων
960 1628 1011 1712 ἐφ’
1027 1627 1120 1703 οἰς34

95 1734 212 1808 αὑτοῖς
242 1734 394 1796 συνίσασι
422 1733 739 1815 δεδωροδοκηκότες,
773 1743 840 1807 τοῖς
866 1733 1077 1815 ἐπανορθοῦν

92 1860 127 1901 τι
148 1837 363 1920 πειρωμένοις
384 1846 450 1901 τῶν
471 1838 527 1900 διὰ
548 1839 687 1913 τούτους
702 1837 918 1901 ἀπολωλότων
940 1846 978 1920 τή
1000 1839 1076 1918 παρ’

95 1940 193 2023 ὑμῶν
216 1939 296 2024 ὀργή
319 1949 505 2024 περιπεσεῖν
528 1942 650 2024 συμβῇ·
685 1940 752 2023 δρῶ
774 1941 837 2024 γὰρ
860 1938 903 2015 ὡς
925 1941 965 2003 τὰ
987 1940 1077 2002 πόλλ’

94 2044 209 2120 ένίους
231 2043 292 2107 οὐκ
315 2045 360 2120 εἰς
381 2045 460 2120 τοὺς
483 2045 618 2124 αἰτίους,
643 2044 710 2107 ἀλλ’
733 2045 779 2120 εἰς
800 2046 878 2120 τοὺς
900 2043 964 2106 ὑπὸ
985 2052 1076 2127 χεῖρα

95 2149 239 2229 μάλιστα
260 2147 321 2229 τήν
342 2145 445 2229 ὀργήν
461 2148 625 2232 ἀφιέντας.
660 2146 720 2223 ἕως
742 2144 804 2212 οὖν
827 2148 873 2212 ἐτι
894 2148 1001 2230 μέλλει
1022 2148 1078 2210 καί
1087 2163 1120 2211 35

96 2251 290 2314 συνίσταται
319 2251 359 2313 τὰ
381 2252 556 2333 πράγματα
583 2252 640 2314 καί
668 2252 893 2332 κατακούομεν
922 2249 1078 2330 ἀλλήλων,

95 2352 237 2417 ἕκαστον
252 2353 356 2434 ὑμῶν,
385 2355 501 2436 καίπερ
525 2354 665 2437 ἀκριβῶς
691 2355 810 2433 εἰδόθ’,
846 2353 932 2435 ὅμως
961 2352 1078 2416 ἐπανα-

94 2466 221 2540 μνῆσαι
242 2459 412 2540 βούλομαι,
434 2461 482 2534 τίς
497 2458 515 2521 ὁ
534 2458 669 2533 Φωκέας
682 2459 796 2533 πείσας
809 2457 865 2520 καί
880 2457 994 2532 Πύλας
1007 2455 1078 2519 τόθ’

96 2564 186 2644 ὑμεῖς
206 2564 383 2644 προέσθαι,
413 2563 459 2627 ὧν
480 2563 642 2638 καταστὰς
669 2563 793 2639 ἐκεῖνος
815 2563 928 2644 κύριος
948 2569 1005 2643 τής
1026 2561 1080 2624 ἐπὶ

96 2664 161 2745 τήν
182 2663 326 2747 Ἀττικὴν
348 2665 430 2729 δδοῦ
453 2667 509 2728 καί
536 2672 593 2746 τής
621 2666 666 2741 εἰς
687 2667 942 2748 Πελοπόννησον
964 2665 1078 2746 κύριος

96 2769 243 2850 γέγονεν,
266 2769 322 2831 καί
343 2771 487 2852 πεποίηχ’
510 2770 589 2851 ὑμῖν
604 2769 649 2852 μή
664 2770 820 2852 περὶτῶν
842 2769 979 2833 δικαίων
1001 2764 1076 2850 μηδ’

98 2870 186 2953 ὑπὲρ
208 2880 274 2935 τῶν
289 2871 349 2949 ἔξω
364 2874 564 2955 πραγμάτων
579 2868 664 2935 εἰναι
679 2872 739 2953 τήν
754 2871 886 2953 βουλήν,
910 2873 977 2934 ἀλλ’
994 2871 1077 2954 ὑπὲρ

98 2984 167 3039 τῶν
189 2974 226 3037 ἐν
246 2985 285 3059 τή
306 2977 396 3060 χώρᾳ
423 2977 479 3038 καί
500 2985 558 3038 τοῦ
580 2976 664 3059 πρὸς
685 2975 744 3057 τήν
764 2972 910 3056 Ἀττικήν
925 2974 1078 3057 πολέμου,

100 3080 138 3155 ὃς
160 3079 296 3161 λυπήσει
318 3082 379 3163 μὲν
400 3079 547 3160 ἕκαστον,
570 3081 705 3145 ἐπειδὰν
726 3085 825 3162 παρή,
847 3080 982 3161 γέγονεν
998 3078 1026 3142 δ’
1043 3078 1081 3142 έν

100 3181 209 3265 ἐκείνη
243 3191 282 3266 τή
314 3183 428 3269 ήμέρηι.
473 3185 503 3248 εἰ
534 3185 598 3267 γὰρ
629 3184 674 3267 μή
707 3185 977 3269 παρεκρούσθητε
1009 3184 1080 3248 τόθ’
1090 3199 1124 3249 36

101 3285 205 3368 ὑμεῖς,
228 3286 328 3351 οὐδὲν
350 3287 391 3349 ἂν
412 3284 455 3369 ήν
476 3296 515 3371 τή
535 3289 628 3352 πόλει
642 3296 790 3371 πράημα·
814 3289 889 3351 οὔτε
903 3288 967 3371 γάρ
981 3287 1082 3351 ναυσὶ

102 3390 212 3470 δήπου
235 3391 399 3472 κρατήσας
421 3392 467 3467 εἰς
480 3391 541 3474 τήν
551 3386 699 3474 Ἀττικήν
713 3387 814 3472 ήλθεν
829 3393 872 3454 ἀν
885 3411 964 3455 ποτε
979 3392 1083 3476 στόλῳ

106 3495 267 3570 Φίλιππος
301 3495 375 3558 οὔτε
408 3497 485 3579 πεζή
515 3496 657 3577 βαδίζων
684 3495 767 3578 ὑπὲρ
794 3495 852 3571 τάς
879 3496 993 3570 Πύλας
1025 3496 1081 3558 καί

106 3597 251 3678 Φωκέας,
275 3599 341 3660 ἀλλ’
364 3598 384 3682 ή
406 3599 447 3660 τδι
470 3599 569 3661 δίκαι’
592 3598 634 3662 ἀν
656 3596 758 3661 ἐποίει
787 3599 842 3659 καί
863 3597 923 3677 τήν
937 3597 1080 3683 «εἰρήνην

925 3696 959 3746 ηε
