2484 3992
163 270 205 333 66
433 272 491 352 VI.
516 273 878 335 ΔιειιιοΣοιιΝουΣ

120 476 153 524 28
265 461 350 542 Περὶ
382 461 442 543 μὲν
472 461 512 542 δή
539 470 605 524 τῶν
636 460 715 543 ὑμῖν
746 463 919 542 πρακτέων
951 465 1027 525 καθ’
1061 461 1147 543 ὑμᾶς
1225 488 1226 539 3

163 563 284 638 αὑτοὺς
317 564 455 648 ὕστερον
486 565 708 646 βουλεύσεσθ,
739 559 781 627 ἀν
815 574 1022 648 σωφρονῆτε·
1058 567 1079 626 δι
1109 565 1146 628 δὲ
1225 544 1226 561 ¹

164 671 229 729 νύν
258 665 512 751 ἀποκρινάμενοι
540 669 580 730 τὰ
606 668 710 730 δέοντ’
739 661 783 731 ἀν
810 671 887 750 εἴητ’
919 668 1146 752 ἐψηφισμένοι,

165 772 255 833 ταῦτ’
279 769 342 851 ήδη
365 768 453 847 λέξω.

517 945 783 1006 ΑΠΟΚΡΙΣΙΣ.

256 1053 319 1126 Ἠν
340 1064 401 1144 μὲν
424 1059 487 1126 οὖν
510 1063 649 1142 δίκαιον,
673 1060 699 1125 ὦ
723 1064 841 1145 ἄνδρες
860 1062 1042 1146 Ἀθηναῖοι,
1066 1068 1142 1141 τοὺς
1225 1080 1226 1149 ᾖ

166 1167 357 1249 ἐνεγκόντας
385 1165 443 1240 τὰς
471 1165 675 1246 ὑποσχέσεις,
705 1165 756 1249 ἐφ’
786 1166 836 1241 αἶς
864 1167 1035 1248 ἐπείσθητε
1057 1168 1145 1247 ποιή-
1225 1174 1226 1247 ,

122 1276 290 1334 ῖοσασθαι
312 1269 372 1350 τήν
395 1267 537 1350 εἰρήνην,
560 1270 687 1331 καλεῖν·
710 1271 786 1331 οὔτε
808 1269 988 1350 γὰραύτὸς
1010 1274 1052 1333 ἄν
1066 1274 1144 1332 ποθ’
1225 1250 1226 1323 λ

166 1373 323 1455 ὑπέμεινα
346 1373 546 1455 πρεσβεύειν,
563 1374 632 1433 οὔτ’
649 1365 692 1433 ἀν
706 1372 798 1452 ὑμεῖς
814 1368 874 1434 οἶδ’
893 1373 942 1435 ὅτι
958 1374 1146 1436 ἐπαύσασθε
1225 1396 1226 1453 ι

167 1478 393 1557 πολεμοῦντες,
418 1476 446 1537 εί
468 1483 604 1538 τοιαῦτα
626 1473 760 1558 πράξειν
786 1477 913 1558 τυχόντ’
938 1476 1069 1559 εἰρήνης
1094 1479 1146 1538 Φί-

164 1581 285 1641 λιππον
307 1582 425 1661 ᾤεσθε·
460 1577 527 1639 ἀλλ’
555 1574 597 1657 ήν
618 1579 702 1640 πολὺ
730 1579 857 1641 τούτων
880 1579 1086 1660 ἀφεστηκότα
1107 1580 1146 1641 τὰ
1225 1594 1226 1655 ι

165 1683 238 1745 τότε
259 1681 428 1762 λεγόμενα.
473 1682 528 1743 καὶ
550 1683 650 1743 πάλιν
672 1683 701 1762 γ’
726 1680 857 1764 ἑτέρους
879 1685 999 1745 καλεῖν.
1039 1685 1146 1758 τίνας;
1225 1668 1226 1747 J

165 1787 242 1861 τοὺς
276 1787 321 1849 ὅτ’
356 1784 419 1867 ἐγὼ
452 1787 626 1868 γεγονυίας
658 1786 731 1871 ήδη,
750 1795 807 1867 της
833 1787 964 1869 εἰρήνης
995 1787 1063 1850 ἀπὸ
1090 1796 1145 1867 τῆς

166 1889 306 1974 ὑστέρας
327 1890 417 1972 ήκων
437 1891 609 1972 πρεσβείας
630 1900 687 1971 της
709 1889 762 1952 έπί
783 1891 860 1965 τοὺς
884 1891 1013 1973 ὅρκους,
1037 1892 1146 1954 αίσθό-
1225 1906 1226 1929 ³

167 2015 264 2075 μενος
279 1994 538 2075 φενακιζομένην
552 1993 612 2073 τήν
627 1994 732 2072 πόλιν,
748 1997 930 2076 προύλεγον
944 1994 1000 2057 καὶ
1017 1995 1144 2076 διεμαρ-
1225 2038 1226 2091 ρ

167 2098 316 2181 τυρόμην
337 2098 393 2159 καί
417 2098 478 2159 ούκ
500 2100 578 2160 εἴων
598 2098 762 2180 προέσθαι
776 2100 890 2172 Πύλας
905 2098 983 2161 οὑδὲ
1003 2101 1147 2177 Φωκέας,
1225 2098 1226 2175 ἰ

123 2215 157 2262 30
167 2200 329 2281 λέγοντας,
354 2199 397 2274 ὡς
412 2198 475 2281 έγὼ
490 2199 550 2281 μὲν
571 2201 663 2282 ὑδωρ
684 2201 790 2262 πίνων
812 2201 942 2275 εἰκότως
965 2201 1148 2282 δύστροπος
1225 2198 1226 2239 ³

167 2303 222 2365 καί
244 2304 405 2377 δύσκολός
428 2304 495 2384 εἰμί
515 2325 563 2375 τις
587 2306 770 2384 ἄνθρωπος,
802 2305 961 2379 Φίλιππος
983 2304 1030 2382 δ’,
1066 2305 1147 2386 ἅπερ

165 2403 309 2481 εὔξαισθ’
333 2400 376 2469 ἀν
398 2405 499 2487 ὑμεῖς,
524 2406 566 2468 ἂν
586 2407 745 2488 παρέλθῃ,
775 2406 897 2489 πράξει,
925 2407 981 2469 καί
1005 2408 1148 2481 Θεσπιὰς

165 2510 226 2591 μὲν
247 2511 302 2572 καί
327 2509 493 2583 Πλαταιὰς
521 2518 647 2591 τειχιεῖ,
684 2498 849 2591 Θηβαίους
878 2510 914 2572 δὲ
942 2512 1064 2575 παύσει
1092 2521 1148 2595 τῆς

166 2613 301 2695 ὕβρεως,
324 2612 535 2694 Χερρόνησον
557 2612 594 2674 δὲ
616 2621 685 2687 τοῖς
707 2612 811 2676 αὑτοῦ
839 2614 963 2676 τέλεσιν
990 2614 1146 2697 διορύξει,

166 2716 313 2796 Εὔβοιαν
336 2715 373 2777 δὲ
395 2715 451 2776 καί
473 2715 530 2778 τὸν
549 2711 699 2797 Ὠρωπὸν
728 2714 795 2776 ἀντ’
811 2711 1041 2799 Ἀμφιπόλεως
1069 2720 1148 2799 ὑμῖν

168 2817 348 2880 ἀποδώσει·
371 2826 474 2880 ταῦτα
496 2819 560 2901 γὰρ
582 2820 676 2880 πάντ’
693 2816 745 2881 έπί
760 2827 818 2879 τοῦ
834 2819 977 2899 βήματος
999 2818 1148 2882 ἐνταῦθα

167 2922 377 3003 μνημονεύει)
401 2917 463 2983 οἰδ
490 2922 539 2983 ὅτι
563 2919 716 3003 ῥηθέντα,
740 2922 856 3003 καίπερ
879 2922 972 2995 ὄντες
987 2922 1028 2984 ού
1045 2922 1149 2985 δεινοί

122 3041 154 3089 31
164 3027 243 3101 τοὺς
259 3025 455 3100 ἀδικοῦντας
469 3030 664 3108 μεμυῆσθαι.
699 3025 754 3087 καί
768 3025 805 3088 τὸ
820 3027 955 3088 πάντων
970 3028 1150 3115 αἴσχιστον,

165 3131 222 3192 καὶ
242 3138 310 3203 τοῖς
332 3129 480 3212 ἐκγόνοις
501 3128 582 3211 πρὸς
595 3129 655 3204 τὰς
670 3128 803 3204 έλπίδας
817 3129 876 3211 τὴν
895 3127 1000 3211 αὑτήν
1015 3130 1150 3214 εἰρήνην
1225 3118 1226 3157 ³

167 3229 253 3296 εἰναι
273 3234 398 3314 ταύτην
419 3232 644 3316 ἐψηφίσασθε·
668 3234 755 3296 οὑτω
778 3235 893 3307 τελέως
914 3233 1095 3316 ὑπήχθητε.
1118 3238 1150 3298 τί

168 3335 210 3417 δή
233 3346 337 3400 ταῦτα
358 3347 422 3399 νῦν
444 3338 526 3418 λέγω
553 3337 609 3399 καί
637 3340 748 3401 καλεῖν
775 3336 858 3419 φημί
890 3338 961 3401 δεῖν
993 3342 1150 3420 τούτους,·
1225 3332 1226 3367 ³

167 3436 231 3521 έγὼ
254 3438 295 3518 νή
318 3439 396 3511 τοὺς
417 3440 518 3513 θεοὺς
539 3439 665 3521 τάληθῆ
689 3441 769 3520 μετὰ
784 3441 967 3523 παρρησίας
988 3439 1054 3521 έρῶ
1068 3442 1150 3523 πρὸς
1225 3456 1226 3459 ’

126 3541 255 3622 εεὺμῖις
288 3541 344 3602 καί
371 3541 433 3603 οὑκ
461 3541 703 3624 ἀποκρύψομαι.
749 3544 809 3624 οὑχ
837 3542 878 3605 ἵν’
908 3545 953 3619 εἰς
980 3547 1150 3629 λοιδορίαν
