2484 3992
149 192 233 257 VIII
513 239 515 243 .
539 191 754 244 Parnasum.

149 403 208 467 per
225 381 301 446 illos
318 382 468 446 homines
485 384 632 447 omnium
643 384 746 446 animi
759 384 888 448 incensi
901 392 978 447 sunt
992 382 1127 448 dicendi

151 484 280 567 studio,
313 506 381 549 non
415 484 544 550 inutilis
572 485 636 549 fuit
665 485 810 570 bonique
844 484 973 571 aliquid
1007 485 1126 551 effecit.

150 586 236 652 Nam
252 596 323 652 tum
334 590 477 672 primum
489 588 699 654 intellectum
715 599 776 672 est,
793 611 892 675 quam
904 591 971 653 vim
986 590 1126 655 haberet

150 700 311 756 accurata
341 701 374 756 et
397 692 490 756 facta
517 690 662 776 quodam
688 692 786 757 modo
815 695 939 776 oratio,
968 696 1127 779 ipsaeque

152 793 400 878 disputationes
434 793 514 859 illae
548 794 653 859 scribi
690 804 830 880 coeptae
869 805 944 860 sunt
981 795 1128 861 dialecto

149 895 284 978 Attica,
319 899 414 961 cuius
442 898 478 962 in
508 897 639 963 solutae
668 900 832 963 orationis
856 901 991 984 scriptis
1026 909 1129 965 antea

151 1020 232 1063 usus
249 1000 359 1064 fuerat
372 1000 441 1064 fere
456 1000 579 1065 nullus.
602 1000 734 1066 Primus
751 1002 838 1066 inter
854 1023 967 1066 omnes
981 1000 1129 1086 Gorgias

152 1101 360 1185 singularum
394 1102 505 1169 rerum
538 1104 657 1169 laudes
687 1106 1017 1190 vituperationesque
1050 1128 1130 1171 con-

152 1207 296 1292 scripsit,
320 1198 458 1294 quarum
481 1206 664 1272 nonnullae
686 1207 732 1272 ad
753 1230 814 1272 nos
837 1218 1071 1292 pervenerunt,

254 1310 318 1375 His
342 1334 385 1375 ex
408 1312 516 1375 initiis
531 1309 589 1374 ubi
606 1311 750 1376 effloruit
765 1310 909 1376 Athenis
925 1311 1129 1398 eloquentia,

152 1412 209 1496 qui
234 1412 370 1477 dicendi
394 1415 633 1479 exercitationi
658 1435 793 1498 operam
817 1413 992 1496 dederunt,
1015 1418 1040 1480 ii
1061 1425 1130 1480 stu-

153 1517 244 1582 dium
258 1539 353 1580 suum
364 1519 510 1582 maxime
527 1517 572 1581 ad
587 1539 709 1581 causas
723 1517 873 1582 forenses
885 1518 1131 1606 popularesque

151 1620 365 1685 contulerunt
390 1630 449 1684 aut
472 1623 536 1707 ipsi
560 1623 594 1684 in
618 1620 832 1685 contionibus
856 1621 1056 1708 iudiciisque
1081 1623 1131 1687 di·

152 1734 266 1788 eentes
295 1733 355 1788 aut
387 1723 463 1788 aliis
488 1725 658 1789 orationes
689 1723 781 1809 apud
804 1724 932 1789 iudices
955 1724 1130 1790 habendas

152 1826 416 1892 conscribentes.
451 1826 524 1891 Mos
549 1829 638 1891 enim
660 1838 730 1891 tum
748 1838 822 1891 erat
832 1826 987 1911 Athenis,
1011 1831 1040 1892 si
1056 1831 1130 1914 quis

153 1933 291 2014 ignarus
321 1930 433 2014 legum
460 1933 629 2014 morisque
657 1930 855 1994 iudiciorum
879 1930 934 1995 vel
963 1933 1129 1996 inexerci-

152 2043 247 2099 tatus
270 2035 305 2097 in
329 2032 538 2098 orationibus
569 2032 787 2097 conficiendis
816 2033 909 2098 litem
932 2035 1130 2100 intendebat

153 2136 255 2201 alicui
279 2138 395 2221 ipseve
417 2134 477 2200 lite
501 2134 756 2221 implicabatur,
780 2145 817 2199 ut
840 2135 884 2200 ab
907 2135 975 2200 alio
998 2138 1131 2202 homine

153 2241 235 2304 iuris
265 2241 373 2324 perito
399 2248 499 2324 atque
523 2238 660 2305 dicendi
688 2239 818 2305 artifice
842 2241 1027 2304 orationem
1051 2241 1132 2304 scri·

153 2341 300 2409 bendam
323 2353 468 2408 curaret.
513 2342 557 2406 Et
582 2344 622 2425 ii,
647 2363 787 2427 quorum
810 2343 998 2407 huiusmodi
1026 2365 1129 2428 opera

154 2446 377 2531 expetebatur
388 2481 431 2490 —
444 2444 704 2531 appellabantur
727 2454 840 2510 autem
862 2448 1063 2528 λογογράφοι
1078 2482 1131 2528 -,

154 2572 172 2613 ο
187 2550 324 2632 negotio
341 2570 400 2614 suo
413 2550 498 2614 satis
510 2569 669 2631 magnum
685 2548 807 2612 fecisse
822 2548 981 2613 videntur
992 2548 1132 2614 lucrum.

153 2652 272 2738 Itaque
305 2653 459 2738 proxima
493 2660 608 2715 aetate
644 2649 709 2715 duo
746 2652 891 2715 maxime
933 2651 1133 2717 colebantur

154 2776 280 2838 genera
305 2755 451 2838 dicendi,
485 2777 587 2819 unum
624 2753 713 2838 quod
746 2762 797 2818 est
831 2752 992 2818 iudiciale
1016 2757 1134 2835 (γένος

155 2859 335 2939 δικανικόν,
358 2857 580 2942 gericbtliche
602 2855 885 2938 Beredsamkeit),
909 2857 1052 2922 alterum
1078 2857 1133 2921 de·

154 2962 372 3028 liberativum
389 2962 496 3042 (γένος
508 2961 798 3043 συμβουλευτικόν,
814 2959 992 3044 politische
1008 2957 1133 3024 Bered·

156 3065 325 3146 sumkeit).
338 3066 485 3130 -Inter
500 3084 660 3146 magnam
676 3071 789 3128 autem
805 3072 975 3128 oratorum
991 3065 1132 3147 copiam,

156 3190 255 3255 quam
279 3168 394 3234 effudit
424 3168 507 3232 haec
535 3177 649 3249 aetas,
678 3169 747 3230 iam
768 3165 942 3231 veteribus
966 3167 1033 3231 visi
1056 3174 1134 3231 sunt

156 3274 335 3337 eminuisse
359 3272 475 3336 decem
498 3270 544 3337 hi:
559 3269 751 3354 Antiphon,
767 3268 973 3350 Andocides,
996 3269 1133 3354 Lysias,

155 3374 335 3458 Isocrates,
356 3375 484 3455 Isaeus,
507 3370 763 3453 Demosthenes,
784 3369 981 3453 Aeschines,
1003 3371 1133 3457 Lycur·

157 3498 235 3562 gus,
262 3476 473 3563 Hyperides,
501 3476 713 3556 Dinarchus,
747 3476 803 3561 qui
837 3497 994 3540 numerus
1017 3469 1133 3540 ‘decas
