2484 3992
171 242 219 309 X
259 234 260 237 ’
553 237 770 296 emissario.

183 429 414 494 inscribuntur
430 431 505 508 περὶ
519 428 792 511 παραπρεσβείας,
806 425 847 489 de
859 446 925 510 qua
941 424 1029 490 infra
1045 426 1169 494 videas

185 552 314 616 argum.
338 540 422 596 orat.
445 530 515 612 VI„
545 539 580 595 et
602 531 686 591 κατὰ
707 531 952 611 Κτησιφῶντος,
976 548 1062 611 quae
1085 551 1169 597 oum

182 636 240 701 illo
263 635 434 719 rogationi
463 633 505 699 de
533 632 728 697 coronando
750 631 979 696 Demosthene
1009 654 1030 696 a
1052 630 1169 698 Ctesi-

183 739 308 823 phonte
330 738 423 803 latae
446 757 639 823 repugnans
655 734 749 800 litem
764 733 811 799 ad
825 733 955 799 iudices
973 733 1168 821 detulisset,

181 841 301 906 habita
325 851 376 906 est
400 863 431 905 a.
447 837 520 903 330.
557 839 632 921 Qua
656 840 690 903 in
713 838 774 903 lito
796 837 984 903 Aeschines
1008 840 1169 924 quintam

182 944 418 1027 suffragiorum
440 955 570 1028 partem
580 964 648 1006 non
672 941 815 1025 adeptus
831 940 974 1005 Athenis
997 944 1165 1027 profugit.

182 1047 398 1114 contrariam
421 1048 497 1113 huio
521 1049 556 1111 in
572 1046 747 1132 republica
763 1047 855 1109 viam
871 1055 1006 1110 seoutus
1030 1047 1168 1133 Hype·
1231 1054 1232 1059 ’

181 1153 294 1217 rides
317 1152 520 1235 dignitatem
543 1148 801 1233 libertatemque
824 1150 957 1232 patriae
979 1172 1000 1213 a
1023 1151 1165 1215 maiori·

180 1255 243 1320 bus
266 1256 430 1320 traditam
445 1254 511 1318 sibi
529 1253 626 1317 duxit
642 1252 803 1317 tuendam
818 1272 925 1336 usque
941 1252 985 1316 ad
1001 1262 1143 1318 mortem
1156 1280 1167 1338 3

182 1380 260 1423 nam
299 1358 417 1423 eodem
453 1377 518 1442 quo
556 1354 802 1419 Demosthenes
838 1376 1005 1420 venenum
1049 1356 1170 1425 hausit

184 1481 273 1525 anno
291 1458 379 1540 (322)
402 1460 476 1544 ipse
500 1455 706 1522 Graeeorum
728 1457 911 1523 rebellione
935 1480 1095 1544 oppressa
1117 1460 1167 1526 ab

181 1561 365 1648 Antipatro
388 1561 648 1646 comprehensus
672 1571 774 1646 atque
796 1569 937 1626 necatus
961 1571 1022 1626 est.
1056 1562 1166 1629 Cuius

182 1688 226 1731 ex
264 1664 473 1731 orationibus
511 1662 732 1729 celeberrima
770 1672 821 1728 est
859 1667 968 1729 oratio
1009 1666 1165 1738 funebris

182 1767 406 1853 (Επιτάφιος),
441 1790 507 1853 qua
541 1765 599 1831 ille
633 1769 726 1832 iussu
755 1767 868 1853 populi
897 1770 1008 1852 aives,
1042 1772 1098 1855 qui
1126 1773 1164 1837 in

181 1874 324 1938 Lamiae
348 1871 524 1937 obsidione
548 1870 757 1953 occiderant,
781 1870 946 1937 laudavit.
1027 1903 1030 1907 ²

653 2190 781 2297 Π..

202 2390 261 2455 De
290 2388 588 2454 Demosthenis
623 2388 899 2453 institutione
934 2393 1139 2475 oratoria,

358 2502 450 2556 arte
480 2490 667 2573 dicendi,
701 2491 983 2557 orationibus.

283 2680 544 2745 Demosthenem
577 2664 712 2744 fortuna
746 2682 819 2765 ipsa
854 2680 900 2745 ad
934 2681 1162 2768 eloquentiam

181 2784 380 2872 perduxisse
395 2782 541 2847 videtur.
574 2783 609 2847 Is
627 2785 715 2848 enirn
731 2794 888 2849 octavum
904 2805 1009 2868 agens
1026 2808 1161 2871 annum,

181 2911 257 2957 oum
272 2896 370 2974 pater
384 2896 535 2951 mortuus
552 2896 650 2965 esset,
674 2909 749 2952 oum
766 2908 880 2953 sorore
896 2889 1041 2975 quinque
1057 2911 1161 2955 anno·

180 3014 254 3058 rum
287 2989 426 3055 relictus
455 2996 585 3053 tutores
616 2991 747 3075 aooepit
770 2989 947 3076 Aphobum
975 3001 1008 3055 et
1037 2991 1159 3058 Demo·

180 3095 340 3181 phontem
362 3101 528 3175 cognatos
552 3101 654 3178 atque
677 3093 932 3178 Therippidem3
962 3096 1020 3178 qui
1042 3096 1078 3158 in
1100 3094 1160 3159 ad·
1202 3126 1212 3154 ι

182 3194 404 3263 ministrando
431 3197 651 3280 patrimonio,
676 3197 782 3283 quod,
811 3205 848 3261 ut
871 3198 944 3282 ipse
967 3199 1016 3262 ait
1039 3197 1159 3262 Demo·
1229 3216 1230 3221 ’

182 3301 335 3382 sthenes,
365 3300 509 3381 pretium
538 3310 745 3383 aequaverat
767 3316 817 3365 xv
840 3299 1022 3383 talentum,
1056 3300 1160 3365 multo
1229 3286 1230 3307 ¹

180 3405 289 3487 magis
325 3423 382 3467 suo
417 3403 567 3487 ipsorum
596 3402 771 3468 commodo
795 3403 1036 3470 consuluerunt
1059 3427 1159 3490 quam

179 3505 391 3593 pupillorum,
415 3507 464 3570 ita
480 3516 515 3570 ut
533 3505 651 3571 decem
666 3518 742 3592 post
759 3529 866 3573 annos
882 3510 943 3574 vix
958 3526 1033 3575 Lxx
1047 3512 1157 3575 minae
