2484 3992
169 248 214 314 54
462 249 503 314 V.
526 251 882 313 ΑΗΜΟΣΘΕΝΟΤΣ

126 456 158 505 13
255 435 315 507 Ἦν
336 439 396 523 μὲν
418 434 481 504 οὖν
502 439 602 522 ύγωγε
624 448 755 522 πρῶτον
776 439 934 523 ὑπάρχειν
961 441 1045 524 φημί
1069 442 1152 524 δεῖν,

169 545 256 620 ὅπως
277 546 341 608 εἴτε
364 543 556 626 συμμάχους
577 545 643 607 εἴτε
665 542 818 621 σύνταξιν
839 546 895 607 εἴτ’
918 546 996 607 ἄλλο
1019 566 1051 608 τι
1074 546 1150 627 βού

167 649 259 713 λεταί
278 670 328 723 τις
354 647 607 724 κατασκευάζειν
635 655 674 730 τῇ
701 646 808 725 πόλει,
841 645 901 727 την
934 646 1153 730 ὑπάρχουσαν

168 753 302 837 εἰρήνην
331 750 375 835 μὴ
403 752 494 814 λύων
520 759 618 814 τοῦτο
642 750 780 831 ποιήσει,
804 750 864 833 οὐχ
887 749 931 826 ὡς
951 753 1152 834 θαυμαστὴν

172 856 244 920 οὐδ’
262 854 305 932 ὡς
328 854 422 932 άξίαν
444 849 550 917 οὖσαν
572 853 681 935 ὑμῶν·
705 853 771 916 ἀλλ’
788 854 884 918 ὁποία
905 858 955 931 τίς
975 859 1047 918 ποτ’
1062 856 1153 920 ἐστίν

167 961 261 1042 αὕτη,
283 958 327 1042 μη
349 958 503 1041 γενέσθαι
524 959 649 1040 μάλλον
671 954 735 1040 εἶχε
757 967 825 1033 τοῖς
837 959 1007 1041 πράγμασι
1022 962 1150 1043 καιρόν,

167 1065 186 1147 ἢ
209 1064 406 1148 γεγενημένη
429 1071 493 1128 νῦν
514 1063 558 1125 δι’
572 1063 658 1145 ἡμᾶς
680 1065 840 1145 λυθῆναι·
862 1064 966 1126 πολλά
987 1066 1052 1148 γάρ
1074 1086 1150 1150 προ

170 1170 295 1252 είμεθα,
320 1167 366 1231 ὠν
388 1167 603 1249 ὑπαρχόντων
625 1167 694 1230 τότ’
719 1166 760 1230 ἂν
781 1167 801 1249 ἢ
824 1176 888 1231 νῦν
910 1166 1150 1254 ἀσφαλέστερος

129 1274 227 1337 14καὶ
260 1272 351 1359 ῥᾴων
382 1268 425 1353 ὴν
457 1271 536 1353 ημῖν
570 1270 588 1333 δ
620 1272 769 1352 πόλεμος.
814 1271 970 1354 δεύτερον
996 1273 1037 1353 δ’,
1067 1273 1151 1356 ὁρᾶν

127 1369 133 1382 ’
167 1375 320 1457 ὅπωςμή
342 1372 551 1458 προαξόμεθ’,
575 1371 601 1438 ὦ
625 1375 743 1458 ἄνδρες
762 1369 943 1457 Ἀθηναῖοι,
972 1378 1052 1458 τοὺς
1074 1393 1148 1441 συν·

167 1478 367 1560 εληλυθύτας
387 1478 527 1553 τούτους
548 1479 603 1542 καί
618 1479 805 1561 φάσκοντας
823 1474 1066 1561 Ἀμφικτύονας
1086 1490 1150 1545 νῦν
1226 1522 1228 1559 5

168 1578 254 1646 εἶναι
286 1581 333 1656 εἰς
366 1580 515 1663 άνύγκην
552 1582 608 1644 καί
648 1582 817 1666 πρόφασιν
852 1591 967 1646 κοινοῦ
1003 1584 1149 1666 πολέμου

168 1684 251 1775 πρὸς
271 1684 365 1767 ἡμᾶς.
396 1682 461 1766 ἐγὼ
482 1686 557 1768 γάρ,
580 1685 609 1748 εί
631 1686 753 1767 γένοιθ’
776 1686 856 1767 ἡμῖν
877 1685 960 1768 πρὸς
983 1688 1148 1751 Φίλιππον

166 1791 266 1853 πάλιν
297 1790 436 1871 πόλεμος
469 1788 517 1851 δι’
541 1783 737 1870 Ἀμφίπολιν
764 1790 838 1869 ητι
859 1790 988 1852 τοιοῦτ’
1013 1789 1148 1873 ἔγκλημ’
1227 1802 1228 1859 ἶ

169 1894 269 1973 ίδιιν,
297 1890 339 1956 οὖ
365 1892 409 1975 μη
439 1892 608 1974 μετέχουσι
631 1892 784 1954 Θετταλοὶ
810 1890 884 1973 μηδ’
905 1888 1045 1975 Ἀργεῖοι
1068 1893 1149 1976 μηδὲ
1227 1948 1228 1955 ,

174 1998 327 2078 Θηβαῖοι,
358 1994 420 2058 οὐκ
442 1995 484 2059 ἂν
505 1995 584 2077 ημῖν
605 1996 718 2075 οἴομαι
741 1996 869 2059 τούτων
895 1996 1037 2071 οὐδένας
1058 2001 1148 2061 πολε-

125 2117 157 2164 15
167 2107 278 2182 μησαι,
302 2099 358 2161 καί
379 2100 512 2162 πάντων
532 2097 651 2179 ἥκιστα
673 2098 743 2177 (καί
756 2120 812 2180 μοι
827 2097 871 2180 μη
893 2100 1069 2183 θορυβήσῃ
1091 2123 1148 2183 μη-

170 2203 238 2279 δείς
258 2202 338 2286 πρὶν
361 2202 513 2282 ἀκοῦσαι)
540 2203 721 2285 Θηβαίους,
745 2202 804 2284 οὐχ
828 2200 871 2278 ὡς
892 2203 997 2283 ἡδέως
1019 2203 1150 2286 ἔχουσιν

168 2308 256 2390 ἡμῖν,
284 2305 357 2371 οὐδ’
381 2304 425 2381 ὡς
447 2305 509 2369 οὐκ
532 2305 573 2369 ἂν
594 2305 777 2389 χαρίζοιντο
803 2306 963 2389 Φιλίππφ,
988 2305 1055 2368 ἀλλ’
1081 2311 1147 2371 ίσα·

170 2428 223 2475 σιν
246 2410 401 2494 ἀκριβῶς,
430 2411 459 2472 εί
480 2410 537 2478 καί
557 2411 647 2473 πάνυ
670 2410 752 2492 φησί
772 2430 821 2484 τις
848 2408 970 2484 αὐτοὺς
992 2410 1148 2493 ἀναισθη

168 2536 246 2590 τους
282 2510 381 2592 εἶναι,
421 2513 471 2576 ὅτι
504 2512 533 2576 εί
565 2512 735 2594 γενήσεται
770 2513 909 2593 πόλεμος
944 2512 1027 2597 πρὸς
1063 2514 1148 2596 ἡμᾶς

170 2618 296 2698 αὐτοῖς,
325 2618 365 2680 τὰ
395 2615 456 2698 μὲν
482 2617 568 2678 κακὰ
597 2618 705 2679 πάνθ’
729 2613 859 2692 ἕξουσιν
882 2616 994 2697 αύτοί,
1023 2627 1094 2692 τοῖς
1115 2613 1146 2681 δ’
1226 2676 1227 2711 χ

170 2721 310 2803 άγαθοῑς
331 2719 520 2802 ἐφεδρεύων
546 2717 655 2801 ἕτερος
682 2719 878 2782 καθεδεῖται.
924 2721 1051 2783 οὔκουν
1072 2723 1148 2805 πρύ
1226 2716 1227 2733 ’

170 2827 254 2887 οιντ’
279 2823 321 2887 δν
343 2822 465 2898 αὐτοὺς
486 2823 533 2898 είς
554 2830 662 2901 τοῦτο,
691 2820 736 2903 μὴ
758 2830 870 2904 κοινῆς
890 2829 948 2903 της
970 2822 1070 2907 ἀρχῆς
1093 2824 1148 2887 καί

128 2945 159 2993 16
170 2937 228 3011 τῆς
261 2929 367 3003 αίτίας
399 2929 502 3009 οὔσης
534 2934 593 2989 τοῦ
627 2926 781 3008 πολέμου.
826 2925 907 2991 οὐδέ
933 2930 969 3009 γ’
998 2929 1027 2990 εί
1048 2931 1148 2992 πάλιν

168 3034 250 3116 πρὸς
276 3034 355 3107 τοὺς
379 3031 545 3114 Θηβαίους
571 3033 811 3112 πολεμήσαιμεν
832 3029 880 3091 δι’
901 3025 1051 3113 Ὠρωπὸν
1072 3034 1095 3112 η
1117 3054 1147 3095 τι

169 3145 236 3198 τῶν
258 3136 362 3213 ίδίων,
386 3134 487 3199 οὐδὲν
509 3134 550 3197 ἂν
572 3135 657 3217 ἡμᾶς
677 3138 799 3198 παθεῖν
819 3134 979 3216 ἡγοῦμαι·
1006 3135 1063 3198 καί
1085 3137 1148 3218 γάρ

169 3239 249 3320 ἡμῖν
274 3238 438 3313 κάκείνοις
463 3239 541 3313 τοὺς
570 3239 777 3319 βοηθοῦντας
804 3236 846 3301 ἂν
871 3232 979 3319 οἶμαι,
1015 3238 1063 3313 είς
1088 3239 1148 3320 τὴν
1225 3298 1226 3303 ,

170 3341 296 3405 οἰκείαν
311 3344 343 3404 εί
353 3362 402 3416 τις
423 3339 566 3423 ἐμβάλοι,
588 3341 734 3421 βοηθεῖν,
758 3340 798 3402 ού
822 3343 1147 3423 συνεπιστρατεύσειν

171 3443 365 3525 οὐδετέροις.
410 3443 465 3504 καὶ
496 3443 561 3524 γὰρ
595 3443 629 3504 αἱ
669 3442 847 3524 συμμαχίαι
882 3451 1002 3505 τοῦτον
1038 3438 1150 3526 ἔχουσι’

170 3544 228 3605 τὸν
260 3544 397 3625 τρόπον,
436 3541 483 3603 ὧν
515 3543 570 3604 καί
603 3544 809 3625 φροντίσειεν
844 3547 886 3606 ἄν
917 3565 982 3623 τις,
1021 3545 1079 3607 καί
1110 3545 1144 3608 τὸ
