2484 3992
446 223 747 284 ΟΛΥΝΘΙΑΚΟΣ
766 225 806 284 Α.
1042 219 1084 283 23

108 415 138 478 εί
155 415 275 496 συνέβη
290 433 322 477 τι
336 412 426 495 παρὰ
447 421 514 476 τῶν
534 416 625 475 θεῶν
645 411 785 494 χρηστὸν
806 411 1085 492 μνημονεύουσιν·

107 518 191 602 πρὸς
212 517 276 600 γὰρ
296 517 334 581 τὸ
355 519 541 581 τελευταῖον
564 515 664 597 ἐκβὰν
687 514 825 578 ἕκαστον
845 523 912 578 τῶν
933 516 1011 598 πρὶν
1025 516 1084 578 ὑπ-

109 620 280 706 αρξάντων
301 622 454 704 κρίνεται.
493 621 546 685 διὸ
573 620 629 683 καλ
653 619 782 703 σφόδρα
804 620 859 684 δεῖ
876 629 943 684 τῶν
963 622 1087 684 λοιπῶν

109 728 205 808 ὑμᾶς,
229 722 255 788 ὦ
278 727 396 809 ἄνδρες
415 721 595 805 Ἀθηναῖοι,
619 725 805 808 φροντίσαι,
828 723 882 788 ἵνα
903 727 994 786 ταῦτ’
1009 723 1085 786 έπα-

107 832 359 914 νορθωσάμενοι
373 828 433 911 την
447 829 500 893 ἐπὶ
515 839 583 904 τοῖς
597 829 839 912 πεπραγμένοις
860 825 995 904 ἀδοξίαν
1010 830 1086 890 ἀπο-

108 937 314 1019 τριψώμεθα.
359 936 388 999 εί
416 935 453 999 δὲ
475 936 688 1018 προησόμεθ’,
717 929 743 996 ὦ
767 934 884 1016 ἄνδρες
903 929 1085 1015 Ἀθηναῖοι,
1097 948 1128 996 12
1217 985 1220 990 ,

108 1040 168 1102 καλ
188 1040 327 1113 τούτους
348 1039 427 1114 τοὺς
449 1038 663 1123 ἀνθρώπους,
699 1034 755 1101 εἶτ’
772 1039 936 1100 Ὄλυνθον
962 1035 1086 1111 ἐκεῖνος

108 1142 377 1224 καταστρέψεται,
401 1143 558 1225 φρασάτω
580 1164 629 1216 τις
652 1139 734 1222 έμοί,
767 1141 800 1202 τί
820 1138 858 1202 τὸ
885 1141 1015 1203 κωλῦον
1041 1138 1084 1202 ἔτ’

110 1246 215 1309 αὐτὸν
248 1244 337 1309 ἔσται
365 1246 508 1328 βαδίζειν
537 1246 613 1309 ὅποι
636 1245 798 1326 βούλεται.
844 1240 908 1326 ἀρα
930 1245 1088 1324 λογίζεταί

108 1372 160 1425 τις
174 1349 278 1431 ὑμῶν,
301 1346 328 1412 ὦ
344 1351 462 1431 ἄνδρες
473 1345 655 1431 Ἀθηναῖοι,
678 1348 734 1411 καὶ
748 1354 871 1430 θεωρεῖ
881 1346 941 1410 τὸν
953 1347 1086 1430 τρόπον,

109 1454 162 1516 δι’
191 1452 230 1515 ὃν
262 1452 363 1534 μέγας
394 1452 529 1534 γέγονεν
563 1451 708 1532 ἀσθενὴς
736 1450 782 1515 ὢν
814 1450 852 1515 τὸ
884 1453 953 1513 κατ’
988 1450 1089 1534 ἀρχὰς

113 1555 292 1634 Φίλιππος,·
319 1555 356 1618 τὸ
378 1564 509 1638 πρῶτον
528 1552 721 1638 Ἀμφίπολιν
743 1555 863 1635 λαβών,
887 1554 967 1636 μετὰ
981 1562 1087 1617 ταῦτα

108 1657 262 1735 Πύδναν,
295 1659 394 1720 πάλιν
422 1658 632 1737 Ποτείδαιαν,
666 1660 837 1740 Μεθώνην
870 1653 984 1736 αὖθις,
1018 1652 1087 1718 εἶτα

112 1761 288 1835 Θετταλίας
303 1759 415 1842 ἐπέβη·
439 1761 519 1842 μετὰ
533 1769 638 1824 ταῦτα
658 1761 766 1842 Φερὰς
777 1759 937 1841 Παγασὰς
948 1762 1085 1841 Μαγνη-
1099 1775 1130 1822 13

1 1931 2 1942 ,
111 1865 190 1928 σίαν
212 1861 311 1928 πάνθ’
336 1864 376 1927 δν
397 1862 538 1946 ἐβούλετ’
562 1864 755 1946 εὐτρεπίσας
775 1864 907 1946 τρόπον,
931 1866 1019 1948 ᾤχετ’
1042 1863 1089 1938 είς

113 1970 263 2052 Θρᾴκην·
297 1963 352 2030 εἶτ’
376 1965 445 2030 ἐκεῖ
463 1968 541 2042 τοὺς
563 1968 624 2050 μὲν
646 1967 807 2050 ἐκβαλών,
835 1967 914 2042 τοὺς
935 1966 972 2029 δὲ
993 1987 1089 2029 κατα-

1 2139 3 2144 ,
111 2070 233 2151 στήσας
254 2079 321 2134 τῶν
341 2071 500 2152 βασιλέων
514 2070 692 2153 ἠσθένησε·
715 2072 813 2134 πάλιν
828 2070 945 2153 ῥαΐσας
959 2070 1021 2133 οὐκ
1036 2069 1089 2134 έπλ

110 2176 150 2239 τὸ
173 2174 337 2260 ῥαθυμείν
359 2174 538 2254 ἀπέκλινεν,
562 2175 629 2238 ἀλλ’
645 2176 749 2250 εὐθὺς
766 2171 950 2249 Ὀλυνθίοις
971 2172 1086 2257 ίπεχεί

111 2293 223 2362 ρησεν.
241 2276 400 2352 τδιςδέπ’
413 2274 591 2360 Ιλλυριους
602 2279 815 2353 καλΠαίονας
827 2278 931 2340 αὐτοῦ
942 2278 1090 2361 καὶπρὸς

108 2377 274 2463 Ἀρύββαν
287 2380 344 2443 καί
359 2380 435 2443 λίποι
448 2402 498 2456 τις
514 2381 555 2443 ἂν
569 2383 656 2444 είποι
670 2380 860 2463 παραλείπω
875 2381 1053 2461 στρατείας.

219 2479 376 2568 Τίοῦν“
401 2486 443 2547 ἄν
457 2506 506 2559 τις
520 2487 607 2547 είποι
632 2493 753 2568 ,ταῦτα
768 2483 909 2567 λέγεις’
891 2494 971 2565 ημῖν
995 2480 1085 2565 νῦν,·“
1099 2501 1131 2548 14

112 2588 170 2651 ἵνα
191 2589 304 2670 γνῶτ’,
328 2584 355 2649 ὦ
378 2588 495 2670 ἀνδρες
515 2584 700 2670 Ἀθηναῖοι,
727 2589 783 2680 καὶ
806 2591 962 2668 αἴσθησθ’
986 2587 1090 2671 ἀμφό-

1 2685 2 2690 ’
110 2713 201 2775 τερα,
217 2693 324 2755 καὶτὸ
339 2692 514 2775 προίεσθαι
534 2688 608 2756 καθ’
626 2691 764 2755 ἕκαστον
787 2692 840 2756 ἀεί
852 2713 884 2755 τι
905 2701 972 2755 τῶν
985 2711 1087 2776 πραγ-

1 2881 2 2884 ,
112 2798 227 2879 μάτων
256 2794 301 2871 ὡς
330 2796 527 2875 ἀλυσιτελές,
555 2797 611 2859 καλ
637 2796 697 2877 την
724 2797 1041 2879 φιλοπραγμοσύνην
1067 2784 1091 2882 ᾗ

112 2908 229 2985 χρῆται
255 2901 311 2963 καὶ
339 2902 419 2984 συζῇ
445 2902 615 2980 Φίλιππος,
650 2899 708 2981 ὑφ’
730 2897 770 2982 ης
799 2899 860 2962 ούκ
889 2900 977 2963 ἔστιν
1005 2901 1092 2976 ὅπως

114 3004 286 3086 ἀγαπήσας
307 3013 377 3078 τοῖς
398 3004 639 3087 πεπραγμένοις
660 3004 802 3087 ἡσυχίαν
824 3003 942 3085 σχήσει.
980 3004 1010 3066 εί
1025 3003 1089 3066 δ’ὁ

113 3107 176 3190 μὲν
204 3105 248 3182 ὡς
274 3106 326 3171 ἀεί
346 3129 378 3171 τι
406 3108 515 3189 μεῖζον
535 3116 601 3172 τῶν
629 3108 845 3191 ὑπαρχόντων
867 3108 920 3171 δεῖ
938 3108 1093 3191 πράττειν

1 3203 4 3294 ζ
113 3210 265 3293 ἐγνωκὼς
285 3211 385 3290 ἔσται,
407 3211 500 3294 ἡμεῖς
514 3213 544 3276 δ’
560 3210 604 3288 ὡς
619 3211 755 3286 οὐδενὸς
770 3212 982 3295 ἀντιληπτέον
997 3211 1094 3296 ἐρρω-

1 3312 5 3324 ⁵
114 3313 221 3394 μένως
246 3321 312 3376 τῶν
338 3315 554 3397 πραγμάτων,
589 3318 756 3379 σκοπεῖσθ’
779 3314 825 3390 είς
851 3315 884 3376 τί
903 3317 974 3378 ποτ’
998 3313 1087 3389 ἐλπὶς

114 3425 219 3479 ταύτα
233 3419 430 3500 τελευτῆσαι.
459 3418 541 3501 πρὸς
556 3422 657 3497 θεῶν,
679 3420 728 3493 τίς
744 3418 849 3492 οὕτως
862 3417 986 3499 εύηθης
1001 3416 1135 3481 έστλνιο

1 3514 6 3595 ’ᾗ
116 3519 221 3602 ὑμῶν,
246 3520 334 3596 ὅστις
349 3522 464 3602 ἀγνοεῖ
481 3520 540 3584 τδν
562 3520 690 3586 ἐκεῖθεν
710 3522 853 3602 πόλεμον
868 3518 1069 3602 δεύρόντ
972 3517 1088 3601 ἥξοντ’,
