2484 3992
375 280 500 345 ΚΑΤΑ
524 283 757 346 ΦΙΛΙΠΠΟΤ
776 283 812 347 Γ.
1021 280 1084 347 105

104 466 207 550 νήτην
221 469 278 531 καὶ
292 469 386 533 πάντ’
402 471 495 554 ἄνδρ’
512 467 583 552 έξής
599 471 796 554 προθύμους
810 466 905 550 εἶναι,
928 471 984 536 καὶ
999 471 1086 547 ὅπως

105 569 184 651 μήθ’
208 569 293 635 ἑκὼν
313 571 385 654 μήτ’
401 574 493 637 ἄκων
507 573 620 657 μηδεὶς
635 573 821 658 ἀνατρέψει,
844 574 942 639 τοῦτο
958 585 1084 640 σκοπεῖ-

105 677 201 737 σθαι·
217 672 351 738 ἐπειδάν
363 674 391 737 δ’
404 674 425 757 ἡ
437 677 583 741 θάλαττα
595 676 750 762 ἀπίρσχη,
766 677 933 762 μάταιοςή
947 678 1085 760 σπουδή.

208 779 276 843 Καὶ
286 777 379 861 ήμεῖς
388 781 514 861 τοίνυν,
536 776 697 865 ἀάνδρες
708 776 888 866 Ἀθηναῖοι,
913 780 974 858 ἕως
989 780 1127 864 έσμένοσ

105 890 196 967 σῷοι,
218 883 315 946 πόλιν
336 884 493 966 μεγίστην
507 884 644 968 ἔχοντες,
667 884 820 968 ἀφορμάς
832 887 993 966 πλείστας,
1016 884 1078 963 άξί·

105 1008 176 1069 ωμα
191 988 373 1067 κάλλιστον,
385 1021 426 1034 -
439 989 473 1052 τί
481 996 643 1070 ποιωμεν;
655 989 756 1052 πάλαι
767 1011 815 1066 τις
829 988 934 1071 ήδέως
949 989 991 1053 ἂν
1006 992 1084 1065 ἴσως

104 1089 269 1173 έρωτήσας
290 1092 442 1173 κάθηται.
487 1090 550 1174 ἐγὼ
572 1091 613 1175 νὴ
636 1093 690 1156 Δί
713 1090 787 1175 έρω,
818 1093 874 1156 καί
895 1094 1014 1176 γράψω
1036 1093 1084 1172 δέ,

106 1194 179 1258 ὥστ’
204 1193 248 1257 ἂν
268 1194 433 1275 βούλησθε
447 1193 699 1277 χειροτονήσετε.
730 1196 826 1260 αὐτοὶ
847 1204 979 1278 πρῶτον
1000 1195 1082 1278 ἀμυ-

104 1297 238 1380 νόμενοι
259 1296 315 1359 καὶ
329 1297 661 1381 παρασκευαζόμενοι,
683 1298 829 1382 τριήρεσι
851 1299 907 1362 καὶ
921 1298 1084 1384 χρήμασιν

104 1401 158 1464 καὶ
174 1405 385 1485 στρατιώταις
399 1400 482 1483 λέγω
507 1401 576 1484 (καὶ
591 1401 655 1485 γάρ
671 1401 713 1465 ἂν
728 1402 868 1478 ἅπαντες
883 1403 992 1486 δήπου
1007 1404 1081 1467 δου-

5 1520 6 1527 ’
104 1506 211 1568 λεύειν
234 1504 489 1588 συγχωρήσωσιν
511 1504 543 1567 ολ
565 1507 667 1585 ἄλλοι,
689 1505 769 1589 ήμῖν
783 1510 813 1590 γ’
828 1507 912 1592 ὑπὲρ
926 1516 983 1591 τής
997 1504 1083 1572 έλευ·

103 1609 219 1692 θερίας
242 1607 463 1690 ἀγωνιστέον),
485 1617 589 1672 ταῦτα
612 1611 653 1689 δή
675 1612 769 1675 πάντ’
794 1612 889 1675 αὐτοὶ
903 1629 1080 1696 παρεσκευ-
1093 1626 1125 1674 69

5 1700 7 1739 ³
105 1714 238 1796 ασμέυοι
270 1714 326 1776 καὶ
358 1711 552 1794 ποιήσαντες
588 1714 716 1797 φανερὰ
752 1715 829 1791 τοὺς
867 1718 984 1792 ἄλλους
1018 1716 1081 1797 ήδη

103 1819 343 1902 παρακαλῶμεν
365 1816 420 1879 καί
442 1816 519 1891 τοὺς
540 1825 644 1881 ταῦτα
663 1816 855 1894 διδάξοντας
870 1817 1083 1901 ἐκπέμπωμεν

103 1921 266 2005 πρέσβεις,
298 1918 339 1983 ἵν’
367 1918 427 1983 ἐὰν
453 1919 513 2001 μὲν
535 1922 682 2003 πείσητε,
711 1923 891 1997 κοινωνοὺς
914 1922 1003 2005 ἔχητε
1025 1922 1082 1986 καὶ

5 2048 6 2085 ι
102 2033 168 2089 τῶν
190 2025 357 2088 κινδύνων
378 2025 433 2087 καῖ
455 2033 521 2089 τῶν
548 2024 786 2106 ἀναλωμάτων,
822 2028 864 2089 ἀν
890 2049 921 2090 τι
947 2026 1021 2109 δέη,
1051 2027 1080 2090 εί

6 2134 7 2139 ’
103 2128 139 2191 δέ
161 2127 221 2210 μή,
251 2126 389 2211 χρόνους
410 2129 439 2208 γ’
463 2125 614 2211 έμποιήτε
637 2136 704 2202 τοῖς
725 2130 923 2212 πράγμασιν.
968 2129 1080 2211 ἐπειδὴ

102 2233 165 2313 γάρ
206 2229 273 2294 ἐστι
308 2232 390 2316 πρὸς
433 2230 539 2311 ἄνδρα
575 2231 631 2294 καὶ
668 2229 740 2314 οὐχί
783 2234 990 2314 συνεστώσης
1026 2234 1124 2296 πό-το

6 2328 8 2343 ’
102 2337 182 2410 λεως
205 2335 299 2418 ἰσχὺν
322 2335 340 2397 ὁ
362 2336 510 2417 πόλεμος,
534 2333 612 2398 οὐδὲ
635 2335 724 2397 τοῦτ’
747 2338 919 2418 ἄχρηστον,
949 2335 1019 2399 οὐδ’
1044 2335 1078 2398 αί

102 2439 242 2518 πέρυσιν
263 2439 431 2520 πρεσβεῖαι
453 2438 527 2521 περὶ
542 2437 602 2519 τήν
617 2438 873 2520 Πελοπόννησον
889 2436 1009 2502 ἐκεῖναι
1025 2439 1079 2501 καί

102 2543 304 2625 κατηγορίαι,
321 2542 360 2617 ἀς
371 2541 434 2624 ἐγὼ
446 2544 501 2605 καὶ
513 2542 723 2615 Πολύευκτος
738 2540 756 2603 ὁ
771 2542 933 2623 βέλτιστος
944 2540 1083 2606 ἐκεινοσὶ

101 2647 157 2709 καῖ
163 2640 367 2728 Ἡγήσιππος
382 2647 437 2708 καὶ
454 2644 485 2707 οί
501 2647 591 2708 ἄλλοι
612 2643 764 2727 πρέσβεις
779 2646 1008 2729 περιήλθομεν,
1025 2645 1081 2707 καὶ

6 2740 7 2743 “
102 2748 304 2831 ἐποιήσαμεν
326 2746 468 2832 ἐπισχεῖν
490 2747 616 2811 ἐκεῖνον
639 2747 694 2810 καί
717 2748 788 2829 μήτ’
812 2748 860 2812 ἐπ’
881 2747 1082 2832 Ἀμβρακίαν

103 2851 213 2916 ἐλθεῖν
241 2850 313 2933 μήτ’
342 2851 388 2926 είς
414 2853 670 2934 Πελοπόννησον
700 2851 850 2935 ὁρμήσαι.
896 2854 938 2916 οὐ
971 2853 1122 2935 μέντοιτι

104 2957 197 3038 λέγω,
222 2953 325 3038 μηδὲν
347 2955 471 3031 αὐτοὺς
491 2953 574 3039 ὑπὲρ
591 2955 701 3018 αὐτῶν
723 2956 904 3039 ἀναγκαῖον
925 2956 1082 3030 θέλοντας

107 3067 213 3122 ποιεῖν
239 3058 317 3133 τοὺς
340 3059 457 3132 ἀλλους
485 3063 702 3142 παρακαλεῖν·
732 3061 788 3122 καὶ
815 3059 879 3143 γὰρ
901 3062 1020 3141 εὔηθες
1041 3060 1081 3121 τά

102 3163 192 3225 οἰκεῖ
207 3160 329 3235 αὐτοὺς
343 3162 558 3244 προϊεμένους
569 3171 636 3226 τῶν
649 3162 827 3246 ἀλλοτρίων
839 3164 977 3245 φάσκειν
988 3163 1080 3243 κήδε·

103 3270 181 3329 σθαι
196 3265 253 3327 καὶ
267 3265 307 3328 τά
322 3266 469 3348 παρόντα
480 3276 704 3350 περιορῶντας
716 3266 799 3350 ὑπὲρ
817 3275 883 3330 τῶν
898 3268 1082 3348 μελλόντων

102 3369 179 3442 τοὺς
201 3369 322 3442 ἄλλους
344 3368 468 3451 φοβεῖν.
514 3370 555 3432 οὐ
578 3369 661 3450 λέγω
683 3375 797 3448 ταῦτα,
825 3369 906 3432 ἀλλά
928 3378 997 3445 τοῖς
1018 3369 1079 3451 μὲν

102 3471 138 3536 έν
152 3469 350 3557 Χερρονήσῳ
364 3470 497 3555 χρήματ’
516 3471 723 3537 ἀποστέλλειν
738 3473 822 3556 φημί
837 3472 908 3537 δεῖν
922 3473 977 3536 καί
992 3474 1078 3535 τᾶλλ’

102 3576 149 3639 ἀσ’
173 3571 298 3651 ἀξιοῦσι
320 3585 437 3655 ποιεῖν,
461 3574 583 3651 αὐτοὺς
605 3576 642 3639 δέ
664 3577 980 3660 παρασκευάζεσθαι,
1003 3577 1081 3651 τοὺς
