2484 3992
331 288 443 347 ΠΕΡΙ
464 287 559 347 ΤΗΣ
576 286 795 348 ΕΙΡΗΝΗΣ.
1012 287 1055 350 49

66 472 304 538 Demosthene
326 473 494 539 Aeschine
516 471 708 538 Philocrate
734 495 803 558 pax
825 478 984 540 convenit
1013 500 1053 542 ea

67 577 291 661 condicione,
314 586 350 643 ut
374 577 533 664 quicquid
555 587 695 665 uterque
718 586 798 642 tunc
821 576 982 661 haberet,
1019 581 1054 646 id

69 683 107 745 in
131 683 347 766 possessione
370 703 431 745 sua
454 681 627 747 retineret.
670 680 722 745 Ea
746 703 821 745 cum
843 680 1053 765 placuissent

68 783 210 870 populo,
233 785 427 850 Philocrate
449 793 588 850 auctore
617 786 652 848 in
675 785 832 850 contione
854 806 922 850 non
946 784 1054 850 solum

67 910 162 972 pax,
196 910 311 952 verum
340 890 445 953 etiam
473 887 592 952 foedus
621 908 698 951 cum
721 887 943 953 Macedonum
972 909 1053 973 rege

71 991 248 1056 decretum
286 1000 353 1072 est,
391 992 483 1056 cives
525 990 740 1056 iureiurando
780 990 937 1056 obstricti
975 1002 1052 1055 sunt

71 1097 119 1176 (a.
144 1092 232 1171 346).
263 1094 376 1158 Nihilo
400 1096 508 1157 minus
532 1093 590 1158 ille
613 1104 795 1179 antequam
819 1096 891 1179 ipse
914 1095 1053 1174 iuraret,

69 1198 242 1262 Thraciae
254 1218 368 1280 regem
379 1195 642 1281 Oersobleptem,
655 1198 782 1262 socium
794 1196 1052 1262 Atheniensium

68 1300 161 1366 bello
175 1310 369 1385 persecutus
386 1302 420 1363 in
438 1299 604 1365 dicionem
620 1322 714 1366 suam
730 1300 861 1383 redegit
879 1311 980 1385 atque
995 1323 1052 1366 ca·

70 1404 174 1469 stella
186 1403 441 1468 Atheniensium
464 1405 499 1467 in
515 1405 557 1468 iis
574 1403 768 1487 regionibus
782 1406 848 1469 sita
861 1414 894 1468 et
910 1402 1050 1470 Cherso-

69 1529 190 1571 nesum
207 1509 314 1593 petiit,
338 1509 432 1571 cuius
456 1508 639 1572 maximam
662 1506 778 1572 urbem
794 1505 954 1572 Cardiam
972 1531 1051 1574 suae

68 1610 232 1675 adiunxit
246 1612 413 1675 societati.
425 1612 464 1674 In
472 1610 708 1675 Macedoniam
720 1633 875 1675 reversus
884 1612 1051 1677 occultum

68 1716 155 1779 fecit
178 1715 295 1779 foedus
319 1736 395 1780 oum
417 1713 589 1779 Thebanis
612 1713 852 1800 Thessalisque
875 1714 920 1778 ad
943 1718 1051 1801 oppri-

69 1818 214 1884 mendos
237 1818 427 1884 Phocenses
457 1826 489 1882 et
519 1819 707 1882 exercitum
736 1817 930 1900 expeditum
954 1817 1052 1882 duxit

69 1946 132 2008 per
166 1921 379 1986 Thessaliam
416 1921 461 1986 ad
494 1920 754 2006 Thermopylas3
794 1920 1051 1986 Atheniensium

69 2035 186 2091 autem
199 2023 342 2107 legatos,
365 2023 485 2110 quibus
502 2024 736 2088 iusiurandum
753 2023 857 2107 dedit,
872 2026 923 2090 ita
937 2033 1050 2089 tamen

68 2138 108 2192 ut
132 2127 394 2192 excluderentur
416 2127 605 2192 Phocenses
630 2151 674 2192 ex
695 2151 794 2213 paee,
819 2137 960 2213 excepto
984 2149 1050 2192 uno
1133 2164 1136 2167 κ

69 2230 302 2295 Demosthene
323 2231 445 2315 partim
476 2252 558 2294 auro
581 2233 732 2316 corrupit
754 2240 791 2296 ut
814 2230 1050 2313 Philocratem,

69 2335 196 2420 partim
213 2334 310 2397 vanis
324 2332 458 2417 decepit
470 2332 774 2418 pollicitationibus
786 2343 823 2396 ut
836 2332 1049 2398 Aeschinem.

73 2437 140 2517 Qui
153 2458 230 2500 cum
241 2436 410 2500 redissent
423 2435 567 2518 domum,
590 2437 716 2500 civium
731 2458 866 2501 suorum
882 2435 1049 2500 sedabant

71 2540 313 2625 suspicionem:
346 2560 412 2602 non
436 2538 625 2603 Phocenses
649 2540 717 2623 peti
742 2560 865 2622 aroge
889 2539 948 2604 sed
964 2538 1050 2602 The·

70 2642 192 2725 banos,
226 2641 391 2726 Thespias
425 2649 458 2706 et
492 2640 653 2707 Plataeas
693 2664 767 2707 eum
805 2644 1049 2726 restituturum,

70 2745 247 2810 Euboeam
263 2752 296 2808 et
309 2743 456 2829 Oropum
471 2746 514 2808 iis
530 2744 750 2811 redditurum.
773 2745 872 2811 Talia
883 2748 1048 2832 promissa

72 2849 288 2936 quantumvis
304 2846 444 2913 fallacia
460 2870 498 2912 eo
514 2847 675 2913 libentius
688 2849 880 2934 excipiebat
896 2849 1048 2934 populus,

71 2975 137 3039 quo
162 2950 295 3016 avidius
319 2950 438 3015 eadem
460 2961 563 3015 antea
579 2951 769 3036 cupiverat3
791 2951 1047 3032 Demosthenes,

71 3058 130 3142 qui
163 3063 270 3121 totam
304 3055 371 3118 iam
401 3053 526 3118 dudum
560 3067 782 3139 perspexerat
815 3054 977 3137 fraudem,
1011 3063 1048 3118 ut

72 3159 161 3224 idem
184 3158 317 3223 civibus
334 3161 403 3223 suis
420 3159 640 3244 persuaderet
658 3169 759 3245 atque
777 3158 949 3242 detegeret
965 3180 1047 3223 vera

72 3262 163 3327 illius
179 3259 332 3342 consilia,
355 3261 481 3325 frustra
498 3282 634 3354 operam
650 3263 866 3345 consumpsit.
890 3261 977 3326 Nam
994 3285 1047 3326 eo·

74 3365 149 3430 dem
164 3363 356 3429 Philocrate
380 3373 518 3429 auctore
542 3364 692 3428 decrevit
707 3362 860 3449 populus,
886 3374 1046 3448 utquam

72 3468 171 3534 modo
190 3467 328 3531 fecisset
341 3487 417 3530 cum
428 3466 582 3551 Philippo
598 3488 728 3552 pacem,
745 3466 863 3533 eadem
878 3468 924 3533 ad
935 3478 1046 3553 poste·

74 3592 129 3637 ros
146 3592 277 3658 quoque
299 3571 495 3655 pertineret.
540 3571 730 3637 Phocenses
754 3595 830 3637 cum
854 3572 895 3635 de
918 3571 1045 3635 auxilio

123 3688 336 3733 nnnosrnnsns.
840 3673 858 3719 4
