2484 3992
147 198 209 264 120
512 201 752 266 APPENDIX.

143 391 267 475 πλήρης
293 389 336 473 ην
367 393 511 475 ἡπόλις.
556 400 594 475 τῇ
617 389 647 455 δ’
671 390 837 476 ὑστεραίᾳ,
866 390 933 474 άμα
955 402 994 477 τῇ
1017 393 1126 478 ἡμέρᾳ

144 496 176 558 οἱ
198 495 258 577 μὲν
280 499 456 580 πρυτάνεις
477 496 538 578 τὴν
551 495 677 577 βουλὴν
698 495 839 559 ἐκάλουν
860 496 907 571 είς
927 496 966 559 τὸ
986 498 1123 579 βουλευ-

141 600 264 682 τήριον,
280 599 373 682 ὑμεῖς
387 597 414 662 δ’
430 601 474 675 είς
488 600 549 683 την
560 599 736 681 ἐκκλησίαν
750 598 957 682 ἐπορεύεσθε,
973 600 1029 662 καὶ
1043 602 1124 684 πρὶν

142 703 271 785 ἐκείνην
297 705 493 787 χρηματίσαι
519 704 575 766 καὶ
596 704 856 785 προβουλεῦσαι,
884 710 948 778 πάς
974 704 993 767 6
1020 704 1124 785 δῆμος

112 811 210 871 εάνω
232 813 366 889 καθῆτο.
411 807 467 870 καὶ
489 807 569 889 μετὰ
591 810 687 870 ταῦθ’
712 804 755 881 ὡς
776 802 878 887 ἦλθεν
898 806 918 887 ἡ
942 807 1043 890 βουλὴ
1064 810 1123 871 καί

143 911 342 995 ἀπήγγειλαν
357 912 389 974 ολ
403 912 580 994 πρυτάνεις
594 911 635 973 τδι
650 908 902 993 προσηγγελμέν’
920 910 1050 988 ἑαυτοῖς
1064 914 1122 999 καὶ

141 1014 199 1078 τδν
220 1015 343 1095 ἥκοντα
365 1015 561 1098 παρήγαγον
583 1014 735 1088 κάκεῐνος
756 1009 855 1092 εἶπεν,
882 1013 994 1096 ἠρώτα
1015 1014 1077 1096 μὲν
1101 1015 1121 1077 6

141 1116 243 1200 κῆρυξ
278 1119 345 1203 ,τίς
373 1118 545 1201 ἀγορεύειν
573 1118 763 1198 βούλεται,·“
797 1121 916 1200 παρῄει
944 1113 973 1179 δ’
998 1117 1120 1191 οὐδείς.

140 1222 293 1296 πολλάκις
321 1220 358 1284 δέ
380 1230 439 1283 τοῦ
467 1221 610 1303 κήρυκος
638 1219 834 1303 ἐρωτῶντος,
868 1219 969 1283 οὐδὲν
997 1222 1122 1301 μᾶλλον

142 1323 285 1388 ἀνίστατ’
309 1325 433 1404 οὐδείς,
469 1326 623 1388 ἁπάντων
649 1323 710 1405 μὲν
737 1331 804 1386 τόν
827 1332 1017 1407 στρατηγῶν
1036 1345 1120 1408 παρ-

141 1429 260 1504 όντων,
296 1427 452 1491 άπάντων
473 1429 511 1491 δέ
532 1435 599 1490 τῶν
621 1426 785 1509 ῥητόρων,
819 1429 982 1510 καλούσης
1003 1427 1041 1490 δέ
1063 1438 1122 1511 τῆς

140 1530 298 1612 πατρίδος
320 1529 377 1592 τδν
399 1528 532 1614 ἐρούνθ’
550 1530 635 1613 ὑπὲρ
651 1530 824 1612 σωτηρίας·
847 1530 889 1611 ἣν
903 1531 968 1612 γὰρ
983 1530 1001 1593 6
1016 1529 1121 1614 κηρυξ

141 1632 224 1695 κατὰ
246 1634 324 1708 τοὺς
345 1634 470 1714 νόμους
493 1633 608 1715 φωνην
631 1631 757 1715 άηιίησι,
779 1617 904 1714 ταύτην
925 1633 1041 1714 κοινὴν
1063 1642 1122 1715 τῆς

112 1738 297 1819 επατρίδος
319 1738 450 1800 δίκαιόν
473 1736 562 1799 ἐστιν
582 1736 745 1818 ἡγεῖσθαι.
779 1739 887 1799 καίτοι
907 1737 936 1800 εί
959 1738 1019 1819 μὲν
1041 1740 1122 1814 τοὺς

141 1845 288 1921 σωθῆναι
301 1840 361 1921 τὴν
375 1841 471 1903 πόλιν
482 1841 705 1921 βουλομένους
716 1844 893 1923 παρελθεῖν
909 1840 984 1920 ἔδει,
1000 1843 1122 1918 πάντες

139 1943 181 2006 διν
203 1944 295 2025 ὑμεῖς
317 1945 373 2007 καὶ
401 1944 434 2007 οἱ
463 1946 553 2007 ἄλλοι
578 1940 747 2025 Ἀθηναῖοι
777 1944 973 2018 ἀναστάντες
1000 1944 1055 2008 ἐπὶ
1082 1946 1121 2008 τό

139 2048 214 2128 βῆμ’
236 2046 411 2128 ἐβαδίζετε·
434 2049 552 2121 πάντες
573 2047 638 2130 γάρ
666 2043 726 2109 οἶδ’
758 2049 808 2110 ὑτι
836 2053 986 2129 σωθῆναι
1014 2049 1121 2131 αὐτὴν

139 2150 330 2232 ἐβούλεσθε·
355 2151 384 2214 εί
407 2151 444 2213 δέ
466 2152 544 2225 τοὺς
566 2153 842 2230 πλουσιωτάτους,
866 2151 898 2213 οἱ
919 2155 1119 2235 τριακόσιοι·

138 2253 167 2315 εί
189 2253 226 2315 δέ
248 2254 326 2328 τοὺς
349 2254 518 2338 ἀμφότερα
539 2263 653 2332 ταῦτα,
676 2253 732 2315 καὶ
756 2255 873 2328 εὔνους
894 2262 933 2338 τῇ
948 2254 1042 2317 πόλει
1064 2257 1121 2319 καί

139 2358 328 2436 πλουσίους,
352 2358 385 2419 οί
408 2357 487 2439 μετὰ
509 2365 614 2420 ταῦτα
637 2356 695 2432 τὰς
709 2359 852 2438 μεγάλας
867 2356 1029 2433 ἐπιδόσεις
1052 2358 1119 2423 ἐπι-

139 2460 265 2534 δόντες·
288 2461 430 2544 καὶγὰρ
452 2462 567 2544 εύνοίηι
595 2461 651 2523 καί
679 2462 808 2545 πλούτῳ
837 2465 922 2524 τοῦτ’
947 2460 1117 2544 ἐποίησαν.

107 2564 203 2626 4άλλ’
227 2562 270 2637 ὡς
292 2564 397 2627 ἔοικεν
419 2564 542 2638 ἐκεῖνος
572 2565 590 2625 6
619 2564 733 2646 καιρὸς
753 2566 809 2627 καί
835 2565 855 2647 ἡ
883 2564 988 2649 ἡμέρα
1011 2566 1118 2649 ἐκείνη

138 2668 179 2730 οὐ
202 2668 305 2747 μόνον
328 2669 450 2729 εὔνουν
471 2668 527 2729 καί
541 2669 701 2731 πλούσιον
718 2669 809 2750 ἄνδρ’
827 2667 942 2747 ἐκάλει,
966 2669 1048 2732 άλλδι
1062 2672 1117 2734 καλ

136 2772 453 2853 παρηκολουθηκότα
475 2780 542 2845 τοῖς
564 2772 752 2852 πράγμασιν
774 2770 806 2848 ἐξ
822 2771 921 2854 ἀρχῆς
935 2772 991 2834 καλ
1008 2776 1116 2837 συλλε-

136 2873 328 2955 λογισμένον
345 2873 462 2956 ὀρθῶς,
477 2877 566 2949 τίνος
580 2873 689 2937 εἵνεκα
700 2878 788 2937 ταῦτ’
803 2875 958 2957 ἔπραττεν
970 2875 989 2938 6
1002 2878 1116 2940 Φίλιπ-

136 2997 197 3052 πος
219 2976 275 3039 καὶ
296 2978 329 3040 τί
349 2977 566 3059 βουλόμενος·
603 2977 621 3040 6
648 2978 713 3059 γὰρ
735 2977 778 3059 μη
809 2980 899 3040 ταῦτ’
923 2978 1018 3054 εἰδὼς
1041 2982 1116 3063 μηδ’

137 3077 297 3161 ἐξητακὼς
318 3080 503 3163 πόρρωθεν,
527 3082 595 3142 οὔτ’
619 3080 650 3142 εί
672 3082 791 3154 εὔνους
811 3077 854 3161 ην
876 3078 944 3143 οὔτ’
969 3082 998 3144 εί
1019 3085 1117 3146 πλού·
1237 3110 1239 3117 v

139 3197 218 3259 στος,
242 3182 342 3244 οὐδὲν
363 3184 486 3264 μᾶλλον
507 3180 614 3264 ἤμελλ’
647 3184 667 3244 6'
686 3205 715 3246 τι
739 3182 799 3265 χρὴ
827 3193 935 3248 ποιεῖν
957 3187 1118 3266 εἴσεσθαι,

106 3282 206 3345 σοὺδ
230 3283 310 3362 ὑμῖν
332 3283 415 3359 ἕξειν
438 3286 687 3367 συμβουλεύειν.
731 3285 860 3369 ἐφάνην
882 3289 998 3351 τοίνυν
1020 3287 1119 3365 οὗτος

136 3387 301 3463 τηνικαῦτ’
326 3382 389 3462 ἐγὼ
411 3386 467 3447 καὶ
488 3386 663 3469 παρελθὼν
687 3384 778 3452 εἷπον
802 3390 851 3452 ὅτι
869 3391 966 3473 ,τοὺς
988 3392 1049 3471 μὲν
1073 3391 1118 3467 ὡς

138 3484 354 3565 ὑπαρχόντων
383 3487 536 3565 Θηβαίων
560 3490 710 3574 Φιλίππῳ
737 3492 811 3554 λίαν
843 3494 1117 3575 θορυβουμένους
