2484 3992
15 1 23 103 ι’

14 118 17 163 λ

10 164 20 391 g
265 275 375 335 περι
395 276 494 337 ΤωΝ
511 279 579 339 ΕΝ
595 280 898 344 ΧΕΡΡοΝΗΣωι.
1026 282 1067 345 ιι

82 461 216 537 αὐτοὺς
231 464 414 545 φυλάττειν,
429 463 499 530 ἐπεὶ
512 461 609 531 τοῦτο’
620 471 650 550 γ’
663 467 751 534 έστλν
761 469 922 555 ὑπερβολή
934 476 1068 555 μανίας·

83 564 152 627 ἀλλ’
178 565 236 629 ἐπὶ
257 566 318 648 μὲν
337 569 416 645 τοὺς
437 568 585 653 ἐχθρούς,
608 575 668 648 οὓς
689 575 752 637 ούκ
774 573 860 639 ἔστιν
879 577 991 657 λαβεῖν
1005 577 1111 642 ύπὸκο

81 678 153 742 τοῖς
177 671 306 752 νόμοις,
329 672 385 734 καλ
407 676 607 757 στρατιώτας
627 677 760 761 τρέφειν
781 680 837 742 καλ
857 680 999 765 τριήρεις
1021 681 1068 744 έκ·

81 773 230 854 πέμπειν
243 776 299 838 καλ
316 776 449 858 χρήματ’
465 778 628 861 εἰσφέρειν
642 780 695 845 δεῖ
706 782 761 844 καλ
777 781 957 866 ἀναγκαῖόν
971 783 1067 867 ἐστιν,

7 872 9 939 ἒ
82 876 136 940 έπλ
162 880 196 942 δ’
218 879 304 962 ήμιῖς
319 882 440 958 αὐτοὺς
455 882 595 967 ψήφισμ’
609 885 792 968 εἰσαγγελία
813 890 957 970 πάραλος
978 895 1068 955 ταῦτ’

7 972 9 1025 ῗ
82 981 189 1048 ἐστίν.
212 983 301 1049 ταῦτ’
319 982 362 1067 ήν
376 982 414 1050 εύ
430 989 645 1069 φρονούντων
664 990 859 1074 ἀνθρώπων,
883 992 1068 1076 ἐπηρεαζόν-

81 1109 154 1151 των
178 1088 215 1151 δέ
237 1091 292 1152 καῖ
315 1088 579 1173 διαφθειράντων
592 1094 633 1156 τὰ
647 1096 825 1177 πράγμαθ’,
849 1098 870 1158 ά
891 1101 955 1160 νῦν
977 1096 1068 1161 οὖτοι

82 1196 255 1257 ποιοῦσιν.
300 1194 356 1256 καὶ
383 1195 420 1257 τὸ
443 1195 503 1277 μίν
523 1197 650 1261 τούτων
671 1198 761 1274 τινὰς
783 1194 866 1263 εἶναι
887 1202 1067 1280 τοιούτους,
1078 1218 1112 1266 30

85 1295 202 1359 δεινὸν
225 1295 265 1361 ὂν
286 1298 328 1361 ού
351 1297 461 1362 δεινόν
483 1297 587 1364 έστιν·
623 1300 689 1365 ἀλλ’
713 1302 806 1385 ὑμεῖς
833 1304 864 1366 οἱ
886 1305 1069 1387 καθήμενοι

85 1399 196 1475 οὕτως
210 1400 276 1482 ήδη
292 1400 470 1483 διάκεισθε,
493 1403 578 1484 ὥστ,
602 1404 644 1468 ἂν
657 1406 718 1487 μέν
732 1430 781 1482 τις
795 1410 868 1491 είπη
884 1410 1069 1490 παρελθών,

7 1526 8 1529 “
86 1501 140 1565 ὅτι
151 1506 333 1587 Διοπείθης
348 1504 416 1570 ἐστὶ
430 1514 497 1570 τῶν
511 1516 622 1572 κακῶν
635 1511 768 1573 πάντων
789 1514 900 1591 αἴτιος,
922 1511 942 1593 ή
959 1514 1071 1595 Χάρης

86 1605 329 1691 ήἏριστοφῶν
347 1609 367 1692 ή
388 1610 427 1673 ὃν
449 1610 491 1676 ἂν
511 1621 578 1675 τῶν
597 1615 738 1677 πολιτῶν
760 1617 845 1678 εἴποι
865 1638 923 1694 τις,
946 1616 1070 1689 εὐθέως

7 1744 8 1751 ¹
89 1712 175 1795 φατὲ
197 1713 254 1777 καὶ
275 1717 446 1797 θορυβεῖθ’
470 1714 514 1792 ὡς
535 1713 644 1799 ὀρθῶς
665 1718 764 1799 λέγει·
789 1717 830 1781 ἂν
844 1718 881 1781 δὲ
894 1718 1110 1801 παρελθὼνει

88 1817 168 1902 λέγη
183 1842 233 1894 τις
254 1818 390 1901 τάληθή,
414 1819 463 1883 ὅτι
487 1824 633 1904 ,ληρεῖτ’,
653 1817 836 1901 Ἀθηναῖοι·
859 1823 992 1885 πάντων
1004 1831 1071 1884 τῶν

92 1932 206 1987 κακῶν
216 1922 349 1987 καὶτῶν
359 1924 559 2005 πραγμάτων
572 1925 700 1988 τούτων
708 1925 866 1999 Φίλιππός
877 1923 941 1988 ἐστ’
953 1927 1069 1999 αἴσιος’

91 2026 121 2089 εἰ
144 2026 208 2109 γάρ
231 2024 353 2101 ἐκεῖνος
374 2022 453 2109 ήγεν
466 2026 614 2109 ήσυχίαν,
639 2026 738 2091 οὐδέν
760 2026 802 2091 ἂν
822 2024 864 2109 ήν
885 2036 1017 2110 πρᾶγμα
1031 2037 1070 2112 τή
1144 2100 1148 2107 Ι

96 2126 220 2210 πόλει,“
247 2126 289 2204 άις
303 2129 364 2211 μέν
379 2131 441 2194 ούκ
463 2130 571 2212 άληθή
593 2134 685 2195 ταῦτ’
701 2129 798 2211 ἐστίν,
822 2132 881 2213 οὐχ
896 2129 972 2207 ἕξετ’
988 2131 1071 2195 άντι-

90 2233 207 2314 λέγειν,
232 2235 392 2314 ἄχθεσθαι
415 2234 452 2296 δέ
472 2255 529 2316 μοι
551 2235 675 2298 δοκεῖτε
697 2236 752 2297 καί
767 2235 876 2315 ῶσπερ
891 2233 1071 2297 ἀπολλύναι

90 2358 123 2400 τι
143 2338 297 2418 νομίζειν.
342 2339 448 2402 αἴτιον
476 2338 512 2401 δὲ
541 2340 670 2402 τούτων
699 2339 768 2420 (καί
788 2360 844 2420 μοι
871 2337 951 2420 πρὸς
971 2341 1070 2416 θεῶν,
1080 2352 1113 2400 32

93 2440 174 2505 ὅταν
200 2441 310 2504 εἵνεκα
335 2446 395 2505 τοῦ
428 2443 596 2524 βελτίστου
629 2443 727 2526 λέγω,
762 2441 845 2505 έστω
872 2441 1070 2524 παρρησία)·

91 2545 377 2627 παρεσκευάκασιν
398 2544 483 2627 ύμάς
503 2554 570 2609 τῶν
590 2545 851 2628 πολιτευομένων
864 2543 946 2607 ένιοι
961 2542 998 2607 έν
1012 2542 1072 2624 μὲν

92 2657 164 2722 ταῖς
187 2646 371 2729 ἐκκλησίαις
400 2649 562 2733 φοβεροὺς
590 2651 646 2713 καλ
672 2651 842 2734 χαλεπούς,
876 2647 913 2713 έν
941 2646 977 2711 δὲ
998 2658 1069 2723 ταῖς

92 2762 317 2833 παρασκευαῖς
337 2763 407 2829 ταῖς
428 2757 487 2818 τού
509 2755 652 2835 πολέμου
676 2753 849 2838 ῥᾳθύμους
864 2753 920 2816 καί
938 2753 1070 2817 εὐκατα-

94 2855 290 2939 φρονήτους.
336 2857 378 2922 ἂν
400 2859 460 2940 μέν
482 2855 543 2923 ούν
563 2859 623 2923 τὸν
645 2861 751 2922 αἴτιον
772 2861 845 2940 είπη
868 2880 926 2936 τις,
950 2858 989 2921 ὃν
1004 2860 1070 2920 ἴσθ’

95 2960 144 3023 ὅτι
166 2960 310 3039 λήψεσθε
324 2965 400 3043 παρ’
422 2961 502 3044 ὑμῖν
519 2963 641 3041 αὐτοῖς,
665 2961 745 3045 φατὲ
760 2962 815 3024 καί
835 2961 1008 3042 βούλεσθε·
1031 2953 1074 3023 άν

95 3063 131 3126 δὲ
163 3067 316 3127 τοιοῦτον
341 3065 417 3148 λέγη
439 3088 502 3145 τις,
536 3065 576 3129 ὃν
601 3064 824 3149 κρατήσαντας
850 3073 918 3140 τοῖς
951 3064 1071 3143 ὅπλοις,

96 3169 200 3243 ἄλλως
223 3167 251 3230 θ’
268 3170 329 3233 ούκ
344 3168 433 3233 ἔστιν
451 3170 599 3249 κολάσαι,
623 3171 684 3233 ούκ
700 3168 788 3252 ἔχετ’,
811 3163 912 3250 οἶμαι,
934 3169 968 3232 τί
982 3169 1071 3250 ποιή-

97 3287 176 3352 σετε,
200 3270 434 3355 ἐξελεγχόμενοι
456 3273 485 3335 δ’
510 3278 664 3356 ἄχθεσθε.
700 3271 796 3356 έχρήν
816 3273 890 3354 γάρ,
914 3269 1114 3357 ῶάνθρεςῖσ

93 3371 273 3457 Ἀθηναῖοι,
295 3378 491 3441 τούναντίον
513 3378 534 3459 ή
558 3381 621 3442 νύν
643 3377 788 3452 ἅπαντας
808 3378 887 3452 τοὺς
907 3379 1072 3440 πολιτενο·

97 3483 216 3564 μένους
238 3480 274 3546 έν
295 3481 355 3563 μὲν
375 3492 447 3560 ταῖς
468 3480 652 3563 ἐκκλησίαις
664 3484 791 3566 πράους
811 3481 868 3545 καλ
889 3482 1072 3564 φιλανθρώ-

98 3607 181 3669 πους
203 3586 288 3667 ύμιῖς
310 3585 428 3673 έθίζειν
448 3584 533 3651 εἶναι
557 3584 652 3668 (πρὸς
672 3585 736 3668 γὰρ
758 3586 843 3675 ὑμαῖς
872 3586 993 3664 αὐτοὺς
1014 3585 1069 3647 καί
