2484 3992
412 237 715 300 ΟΛῬΝΘῙΑΚΟΣ
732 239 770 300 Β.
1029 235 1069 299 31

72 428 225 503 σασθαι,
260 423 341 487 ἀλλὰ
372 424 412 486 τδι
445 426 568 487 τοιαῦτ’
591 424 639 499 είς
665 422 727 504 μέν
753 421 838 499 ἀπαξ
866 423 922 485 καὶ
944 424 1069 506 βραχὺν

73 527 213 611 χρόνον
228 526 361 610 ἀντέχει,
383 527 439 590 καί
462 527 590 610 σφόδρα
605 527 634 608 γ’
650 527 768 607 ηνθησ
785 524 837 588 ἐπὶ
852 534 924 599 ταῖς
935 524 1069 605 ἐλπίσιν,

75 629 133 693 ἂν
143 631 238 713 τύχη,
253 638 298 715 τῷ
309 630 416 714 χρόνῳ
431 630 468 694 δέ
484 636 634 712 φωρᾶται
648 629 704 691 καί
718 628 792 711 περί
808 626 892 690 αὐτὰ
906 637 1070 710 καταρρεῖ.

77 733 202 816 ὥσπερ
212 733 277 816 γὰρ
287 733 401 813 οἰκίας,
418 728 519 815 οἶμαι,
533 732 589 795 καῖ
600 732 718 795 πλοίου
733 731 790 794 καί
804 738 870 794 τῶν
886 732 992 795 ἄλλων
1005 739 1072 793 τῶν

74 837 251 901 τοιούτων
260 837 302 900 τδι
312 837 463 900 κάτωθεν
475 836 656 919 ἰσχυρότατ’
667 830 752 899 εἶναι
767 835 789 897 δ
792 843 831 914 εῑ,
843 835 930 898 οὕτω
942 834 1074 897 καὶτῶν

76 938 241 1024 πράξεων
262 941 320 1015 τὰς
342 939 443 1024 ἀρχὰς
464 941 520 1002 καῖ
535 939 593 1014 τὰς
607 937 782 1013 ὑποθέσεις
800 939 934 1019 ἀληθεῖς
948 937 1003 1000 καὶ
1025 938 1072 1000 δι-

77 1045 188 1119 καίας
216 1041 301 1109 εἶναι
322 1048 488 1129 προσήκει.
532 1052 630 1107 τοῦτο
652 1043 682 1106 δ’
705 1042 768 1107 οὐκ
789 1042 839 1105 ἐνι
860 1050 924 1105 νῦν
946 1041 1072 1116 ἐντοῖς

78 1148 331 1231 πεπραγμένοις
347 1147 508 1233 Φιλίππῳ.

197 1253 286 1334 Φημί
301 1250 342 1333 δη
358 1252 429 1315 δεῖν
450 1250 535 1334 ἡμᾶς
556 1260 625 1325 τοῖς
639 1249 700 1332 μέν
719 1246 901 1323 Ὀλυνθίοις
922 1250 1067 1331 βοηθεῖν,
1080 1266 1109 1313 11

80 1356 148 1419 καῖ
170 1355 257 1431 ὅπως
276 1377 324 1432 τις
345 1355 431 1438 λέγει
453 1357 608 1419 κάλλιστα
629 1354 685 1416 καὶ
707 1355 852 1436 τάχιστα,
876 1353 980 1428 οὕτως
1003 1352 1073 1436 ἀρέ·

83 1474 162 1521 σκει
184 1477 254 1540 μοι·
287 1458 369 1541 πρὸς
396 1458 433 1522 δὲ
458 1457 640 1532 Θετταλοὺς
666 1457 842 1538 πρεσβείαν
868 1456 1017 1538 πέμπειν,
1050 1457 1070 1538 ἣ

80 1561 169 1636 τοὺς
190 1561 250 1643 μὲν
271 1559 396 1638 διδάξει
416 1569 530 1640 ταῦτα,
553 1561 632 1635 τοὺς
652 1560 690 1623 δέ
711 1557 902 1642 παροξυνεῖ·
924 1559 981 1623 καί
1003 1559 1066 1642 γὰρ

82 1672 155 1728 νῦν
169 1664 252 1728 είσιν
268 1663 483 1747 ἐψηφισμένοι
498 1660 659 1745 Παγασάς
674 1662 823 1726 ἀπαιτεῖν
837 1662 981 1746 καὶπερὶ
996 1666 1070 1726 Μα-

81 1768 228 1852 γνησίας
248 1770 368 1851 λόγους
388 1773 567 1832 ποιεῖσθαι.
591 1773 767 1831 σκοπεῖσθε
790 1767 900 1848 μέντοι
921 1772 1020 1847 τοῦτ’,
1045 1764 1112 1831 δην

86 1874 211 1955 ἄνδρες
230 1869 410 1955 Ἀθηναῖοι,
440 1873 527 1947 ὅπως
549 1870 593 1953 μη
616 1872 735 1952 λόγους
758 1870 892 1955 ἐροῦσιν
914 1872 1018 1952 μόνον
1041 1871 1072 1934 οἱ

84 1978 167 2058 παρ’
178 1974 273 2058 ἡμῶν
281 1977 440 2059 πρέσβεις,
453 1975 533 2038 ἀλλὰ
542 1974 598 2037 καὶ
608 1974 706 2058 ἔργον
714 1995 745 2037 τι
757 1975 921 2038 δεικνύειν
933 1972 1072 2054 ἕξουσιν,

86 2077 332 2161 ἐξεληλυθότων
353 2078 446 2161 ἡμῶν
468 2075 564 2155 ἀξίως
585 2086 643 2160 τῆς
663 2079 787 2154 πόλεως
815 2079 871 2141 καλ
894 2080 998 2141 ὄντων
1020 2076 1073 2141 ἐπὶ

86 2191 159 2257 τοῖς
179 2184 379 2265 πράγμασιν,
403 2181 447 2258 ὡς
463 2182 547 2258 ἅπας
561 2182 622 2264 μὲν
644 2184 749 2264 λόγος,
773 2182 813 2246 ἂν
830 2182 896 2265 ἀπῇ
911 2183 951 2245 τὰ
973 2184 1072 2264 πράγ-

85 2301 186 2368 ματα,
213 2286 354 2367 μάταιόν
375 2308 405 2350 τι
434 2287 662 2369 φαίνεταικαὶ
689 2288 802 2366 κενόν,
829 2288 967 2367 μάλιστα
997 2285 1069 2348 δ’ὁ

86 2388 181 2472 παρὰ
201 2397 258 2471 τῆς
272 2388 429 2474 ἡμετέρας
443 2390 582 2465 πόλεως·
606 2390 674 2475 δσφ
695 2390 759 2471 γὰρ
782 2388 961 2470 ἑτοιμότατ’
983 2388 1072 2473 αὐτῷ

90 2495 254 2575 δοκοῦμεν
268 2498 421 2576 χρῆσθαι,
442 2493 589 2579 τοσούτῳ
610 2495 734 2575 μᾶλλον
757 2492 932 2555 ἀπιστοῦσι
953 2492 1073 2567 πάντες

90 2597 191 2681 αὐτῷ.
220 2596 343 2679 πολλὴν
357 2595 398 2678 δη
413 2596 474 2679 την
485 2598 683 2678 μετάστασιν
693 2596 748 2658 καὶ
763 2597 907 2679 μεγάλην
918 2594 1071 2675 δεικτέον,
1083 2611 1115 2659 13

90 2701 313 2784 εἰσφέροντας,
326 2699 479 2780 ἐξιόντας,
493 2700 622 2765 ἀπαντα
634 2709 812 2775 ποιοῦντας
824 2699 968 2782 ἑτοίμως,
984 2702 1074 2783 εἴπερ

88 2826 139 2879 τις
160 2803 240 2884 ὑμῖν
260 2800 409 2888 προσέξει
431 2804 490 2867 τὸν
510 2812 602 2867 νοῦν.
636 2803 700 2865 κᾶν
722 2804 814 2865 ταῦτ’
838 2800 1009 2883 ἐθελήσηθ’
1028 2800 1072 2877 ὡς

88 2906 247 2991 προσήκει
269 2908 324 2970 καὶ
347 2907 388 2990 δη
403 2909 580 2992 περαίνειν,
604 2905 647 2970 οὐ
661 2908 774 2988 μόνον,
798 2901 958 2987 ὦάνδρες
973 2901 1071 2987 Ἀθη-

88 3020 188 3091 ναῖοι,
210 3009 250 3075 τά
274 3009 461 3095 συμμαχικοῖ
485 3011 634 3086 ἀσθενεῖς
653 3011 709 3073 καῖ
724 3009 866 3084 ἀπίστως
881 3007 996 3091 ἔχωιτα
1011 3030 1072 3091 φα·

89 3115 223 3196 νήσεται
252 3117 416 3200 Φιλίππῳ,
441 3115 521 3178 ἀλλὰ
544 3115 600 3178 καλ
621 3112 662 3179 τά
684 3122 742 3195 τῆς
764 3113 887 3187 οἰκείας
902 3112 1002 3195 ἀρχῆς
1016 3113 1072 3176 καὶ

91 3219 263 3300 δυνάμεως
285 3228 393 3294 κακῶς
415 3220 515 3302 ἔχοντ’
537 3215 806 3302 ἐξελεγχθήσεται.

186 3321 286 3397 Ὅλως
308 3322 369 3403 μὲν
390 3322 454 3403 γὰρ
475 3321 495 3403 ἡ
512 3321 726 3402 Μακεδονικὴ
750 3320 890 3401 δύναμις
911 3320 966 3382 καί
989 3318 1070 3402 ἀρχὴ
1082 3333 1114 3381 14

91 3426 127 3490 ἐν
151 3427 210 3509 μὲν
224 3426 398 3511 προσθήκη
415 3426 505 3510 μερίς
527 3425 597 3489 ἐστί
609 3447 659 3500 τις
673 3424 715 3489 οὐ
729 3425 840 3506 μικρά,
864 3422 937 3488 οἷον
950 3420 1072 3505 ὑπῆρξέ

91 3527 167 3594 ποθ’
192 3528 271 3611 ὑμῖν
293 3529 345 3593 ἐπὶ
370 3528 536 3610 Τιμοθέου
559 3528 641 3611 πρὸς
657 3524 869 3601 Ὀλυνθίους·
898 3525 998 3591 πάλιν
1028 3520 1072 3586 αὖ
