2484 3992
355 294 481 355 KATA
506 294 738 356 ΦΙΛΙΠΠΟΤ
756 295 793 357 Β.
1022 293 1064 356 65

74 484 218 565 γέγονεν
244 486 347 546 ταῦτα
379 482 435 545 καὶ
460 491 561 546 πάσιν
588 483 675 546 ἔστιν
708 483 839 549 εἰδέναι.
885 483 976 567 ύμεῑς
998 485 1059 565 βά,
1073 503 1106 550 23

77 588 172 670 ἔφην
194 584 267 667 έχύ,
294 585 448 669 ,βιβάντα
470 587 530 668 μέν
552 587 607 649 καλ
630 586 891 668 ὑπισχνούμενον
911 592 1065 673 θεωρεῖτε

81 690 269 767 Φίλιππον,
297 687 518 771 ἐξηπατηκότα
541 687 569 752 θ’
593 689 657 772 ήδη
680 690 735 752 καλ
756 692 1067 772 παρακεκρουμένον

76 795 272 875 άπεύχεσθ’,
302 794 330 856 εί
353 803 549 876 σωφρονεῖτε
571 794 630 874 δή,
659 794 751 859 ίῦεῐν.
797 794 863 858 ἔστι
884 796 998 861 τοίνυν
1022 796 1062 878 νη

80 894 179 975 Δι’ἀ,
209 895 291 978 ἔφην
318 895 392 978 ἐγώ,
418 898 631 980 ,παντοδαπὰ
654 896 817 979 εὑρημένα
839 908 911 975 ταῖς
931 900 1066 962 πόλεσιν

82 999 169 1083 πρὸς
190 998 342 1081 φυλακήν
362 999 418 1061 καὶ
451 1002 624 1082 σωτηρίαν,
658 999 730 1063 οἷον
761 1003 979 1084 χαρακώματα
1012 1003 1067 1064 καλ

80 1105 171 1185 τείχη
195 1102 250 1165 καλ
266 1103 386 1187 τάφροι
407 1104 463 1166 καὶ
490 1102 575 1167 τᾶλλ’
601 1104 664 1167 ὅσα
690 1109 836 1168 τοιαῦτα.
882 1106 938 1168 καλ
959 1109 1109 1171 ταῦτατί.

83 1208 145 1291 μέν
160 1207 250 1270 ἐστιν
265 1205 392 1270 άπαντα
406 1209 614 1292 χειροποίητα
628 1209 684 1271 καλ
699 1209 848 1290 δαπάνης
861 1209 1066 1292 προσδεῖται·

84 1311 121 1374 ἓν
144 1310 229 1372 δέτι
251 1309 365 1373 κοινὸν
385 1310 405 1390 ἡ
429 1311 527 1392 φύσις
548 1319 614 1374 τῶν
637 1307 675 1374 εὖ
698 1314 913 1395 φρονούντων
935 1312 971 1376 έν
985 1311 1067 1396 αῦτή

83 1414 238 1494 κέκτηται
271 1414 506 1496 φυλακτήριον,
542 1414 560 1476 ὃ
588 1421 670 1476 πάσι
692 1415 752 1496 μέν
774 1414 838 1478 ἐστ’
862 1415 990 1497 άχαθὸν
1013 1417 1069 1478 καλ

86 1518 259 1600 σωτήριον,
283 1520 421 1599 μάλιστα
444 1517 480 1580 δὲ
502 1528 570 1592 τοῖς
591 1517 750 1599 πλήθεσιν
765 1517 847 1602 πρὸς
860 1522 937 1595 τοὺς
951 1522 1068 1603 τυράν-

84 1644 176 1696 νους.
206 1622 239 1684 τί
260 1615 321 1683 ούν
343 1618 411 1683 ἐστι
426 1624 524 1684 τοῦτο
529 1644 543 1701 ,·
566 1620 710 1683 ἀπιστία.
740 1623 864 1703 ταύτην
880 1624 1067 1704 φυλάττετε,

84 1726 209 1806 ταύτης
231 1723 420 1805 ἀντέχεσθε·
443 1717 486 1787 άν
501 1724 625 1806 ταύτην
640 1723 761 1808 σῴζητ,
785 1725 885 1787 οὐδὲν
900 1725 943 1807 μή
960 1725 1069 1788 δεινὸν

84 1831 224 1910 πάθητε.
269 1828 302 1890 τί
328 1825 473 1909 ζητεῖτ’,·“
506 1827 598 1910 ἔφην.
648 1827 867 1911 ,ἐλευθερίαν
920 1819 980 1891 εἶτ’
1009 1829 1111 1911 ούχκσ

85 1934 185 2016 ὁρᾶτε
210 1932 374 1995 Φίλιππον
395 1933 651 2015 ἀλλοτριωτάτας
670 1934 772 2016 ταύτη
795 1934 850 1995 καλ
872 1933 930 2007 τάς
951 1950 1069 2016 προση-

84 2039 201 2120 γορίας
217 2036 348 2118 ἔχοντα·
362 2037 514 2117 βασιλεὺς
529 2037 592 2120 γὰρ
607 2036 663 2098 καλ
677 2038 839 2121 τύραννος
855 2036 940 2111 άπας
955 2035 1069 2120 ἐχθρὸς

85 2141 259 2224 ἐλευθερίᾳ
281 2140 336 2203 καλ
357 2141 472 2221 νύμοις
494 2138 650 2215 ἐναντίος.
688 2142 729 2205 ού
753 2140 928 2224 φυλάξεσθ’
952 2139 1069 2219 ὅπωςα,

87 2246 183 2329 ἔφην,
217 2243 279 2328 ,μή
302 2245 446 2326 πολέμου
470 2246 640 2326 ζητοῦντες
662 2245 887 2328 ἀπαλλαγῆναι
909 2244 1070 2326 δεσπότην

86 2345 239 2433 εῦρητε,·“

196 2451 294 2516 Ταῦτ’
325 2453 523 2528 άκούσαντες
555 2452 675 2517 ἐκεῖνοι
703 2454 759 2516 καί
780 2452 1004 2536 θορυβοῦντες
1028 2451 1113 2526 ὡςκσ
1211 2447 1213 2449 ’

89 2558 199 2639 ὀρθῶς
220 2556 355 2638 λέγεται,
378 2557 432 2618 καὶ
455 2557 596 2632 πολλοὺς
617 2556 749 2640 ἑτέρους
770 2558 887 2638 λόγους
901 2554 991 2638 παρὰ
1007 2563 1071 2617 τῶν

88 2662 257 2744 πρέσβεων
278 2660 334 2723 καὶ
355 2661 517 2743 παρόντος
539 2660 621 2742 ἐμοῦ
644 2661 700 2723 καὶ
721 2663 819 2724 πάλιν
844 2661 998 2742 ὕστερον,
1027 2657 1071 2733 ὡς

91 2767 214 2844 ἔοικεν,
249 2763 349 2828 οὐδὲν
381 2766 504 2844 μάλλον
539 2764 780 2847 ἀποσχήσονται
812 2771 869 2844 τής
905 2763 1071 2825 Φιλίππου

90 2870 201 2952 φιλίας
216 2867 287 2930 οὐδ’
304 2867 351 2930 ὧν
366 2868 601 2950 ἐπαγγέλλεται.
625 2868 681 2930 καλ
703 2867 744 2929 ού
766 2871 844 2929 τοῦτ
859 2866 921 2929 ἔστ’
939 2870 1070 2944 ἄτοπον,
1081 2881 1113 2927 ‘27

91 2972 120 3035 εί
142 2971 327 3052 Μεσσήνιοι
360 2971 415 3033 καλ
440 2973 714 3053 Πελοποννησίων
746 2970 830 3044 τινές
863 2974 938 3053 παρ’
972 2970 994 3030 ἃ
1027 2978 1071 3051 τῷ

91 3080 233 3160 λογισμῷ
256 3077 395 3158 βέλτισθ’
420 3076 523 3160 ὁρῶσί
543 3098 574 3139 τι
595 3074 793 3160 πράξουσιν,
829 3075 896 3136 ἀλλ’
925 3074 1018 3155 ὑμεῖς
1041 3073 1072 3134 οἱ

91 3182 150 3245 καί
159 3180 323 3254 συνιέντες
339 3180 433 3242 αὐτοὶ
455 3181 511 3242 καὶ
525 3190 590 3244 τῶν
602 3181 763 3262 λεγόντων
779 3178 954 3252 άκούοντες
967 3176 1070 3258 ἡμῶν,

93 3283 137 3359 ὡς
158 3280 425 3365 ἐπιβουλεύεσθε,
450 3281 493 3358 ὡς
514 3283 800 3367 περιστοιχίζεσθε,
830 3280 866 3343 ἐκ
887 3284 946 3344 τοῦ
969 3280 1072 3362 μηδὲν

91 3389 156 3470 ήδη
179 3396 313 3468 ποιήσαι
346 3387 475 3469 λήσεθ’,
512 3386 555 3463 ὡς
583 3387 658 3470 ἐμοὶ
680 3387 786 3466 δοκεῖ,
820 3386 920 3449 πάνθ’
948 3384 1079 3465 ὑπομεί-

91 3507 223 3567 ναντες·
246 3491 351 3565 οὕτως
367 3491 387 3573 ή
403 3492 574 3575 παραυτίχ’
588 3489 692 3572 ἡδονή
713 3489 769 3552 καὶ
790 3487 941 3572 ῥᾳστώνη
964 3484 1081 3569 μεῖζον

92 3595 198 3679 ίσχύει
219 3598 280 3658 τοῦ
301 3598 377 3657 ποθ
401 3596 541 3678 ὕστερον
563 3593 733 3657 συνοίσειν
754 3592 934 3673 μέλλοντος.

144 3710 354 3753 υσνοεντειιανε.
772 3746 784 3761 ,
917 3694 933 3738 5
