2484 3992
161 228 203 295 96
407 230 501 298 VIII.
524 234 884 299 ΔΗΜΟΣΘΕΝΟῬΣ

159 424 300 503 πολάζει,
316 422 448 506 ἠδίκηκε
463 425 541 499 τοὺς
556 421 719 506 Ἕλληνας,
741 427 864 505 μᾶλλον
878 426 908 488 δ’
924 424 1025 489 οὐδὲν
1039 427 1141 510 μέρος

116 526 285 590 τετούτων
311 524 427 590 έκεῑνα.
466 529 628 591 Ὄλυνθον
650 527 710 609 μέν
737 525 778 609 δή
800 527 857 590 καί
877 529 1050 610 Μεθῶνην
1082 532 1141 594 καί

156 625 375 693 Ἀπολλωνίαν
396 629 452 693 καί
473 630 537 694 δύο
551 630 608 693 καὶ
621 632 797 712 τριάκοντα
811 632 920 706 πόλεις
935 629 988 694 ἐπὶ
1006 634 1140 717 Θρηίκης

159 731 212 811 ἐῶ,
236 734 275 808 ἀς
297 732 425 807 ἁπάσας
447 733 551 808 οὕτως
579 731 676 814 ὠμῶς
697 732 875 816 ἀνῄρηκεν,
904 734 987 797 ὥστε
1007 735 1084 817 μηδ’
1108 737 1139 799 εί

158 835 281 899 πώποτ’
305 831 486 922 ᾠκήθησαν
516 836 728 919 προσελθόντ’
757 831 843 900 εἶναι
875 834 992 922 ῥᾴδιον
1015 838 1137 903 εἰπεῖν·

157 939 272 1003 καὶτὸ
298 939 440 1003 Φωκέων
464 938 560 1014 ἔθνος
587 947 747 1003 τοσοῦτον
776 938 983 1023 ἀνηρημένον
1010 951 1135 1005 σιωπῶ.

157 1043 239 1107 ἀλλά
263 1044 420 1107 Θετταλία
442 1051 511 1118 πῶς
533 1042 612 1124 ἔχεις
635 1040 709 1124 οὐχὶ
730 1042 789 1118 τὰς
810 1044 974 1117 πολιτείας
995 1044 1052 1107 καί
1074 1045 1137 1121 τὰς

155 1148 264 1222 πόλεις
292 1147 403 1212 αὐτῶν
423 1152 610 1231 παρῄρηται
637 1146 693 1210 καί
715 1147 902 1230 τετραρχίας
927 1147 1137 1230 κατέστησεν,

156 1250 210 1315 ἴνα
233 1251 276 1334 μη
299 1253 403 1334 μόνον
424 1251 507 1315 κατα
528 1251 647 1330 πόλεις,
678 1249 757 1314 ἀλλὰ
780 1251 837 1314 καὶ
857 1248 927 1314 κατ’
953 1251 1034 1333 έδνη
1057 1252 1136 1316 δου-

111 1355 310 1435 νολεύωσινς
347 1356 382 1417 αἱ
411 1352 439 1418 δ’
465 1353 501 1418 έν
522 1354 651 1438 Εὐβοία
679 1355 788 1429 πόλεις
822 1354 884 1418 οὐκ
915 1355 978 1437 ήδη
1011 1377 1135 1437 τνραν-

153 1468 300 1537 νοῦνται,
322 1458 378 1521 καί
400 1461 490 1521 ταῦτ’
512 1455 549 1521 έν
570 1458 660 1542 νήσῳ
681 1458 819 1539 πλησίον
837 1458 955 1540 Θηβῶν
968 1459 1025 1521 καί
1036 1456 1135 1541 Ἀθη-

153 1569 239 1641 νῶν,·
272 1562 313 1625 οὐ
336 1561 518 1644 διαρρήδην
546 1561 592 1636 είς
618 1562 678 1636 τάς
704 1559 874 1636 ἐπιστολὰς
895 1564 1014 1645 γράφει
1038 1562 1135 1645 ,ἐμοὶ

154 1667 184 1730 δ’
208 1666 297 1730 ἐστὶν
311 1665 423 1749 εἰρήνη
439 1665 521 1747 πρὸς
533 1666 612 1741 τοὺς
627 1664 762 1730 ἀκούειν
777 1663 858 1746 ἐμοῦ
872 1665 1113 1748 βουλομένουςα
1119 1693 1135 1750 ,-

153 1771 209 1834 καὶ
232 1770 273 1834 οὐ
293 1773 414 1855 γράφει
436 1771 497 1852 μὲν
522 1779 645 1848 ταῦτα,
678 1780 746 1844 τοῖς
775 1770 804 1833 δ’
827 1769 935 1853 ἔργοις
962 1770 1004 1833 οὐ
1032 1782 1132 1853 ποιεῖ,

153 1872 226 1936 ἀλλ’
260 1871 310 1958 ἐφ’
337 1870 578 1955 Ἑλλήσποντον
610 1876 748 1955 οίγεται,
781 1873 941 1956 πρότερον
972 1870 1052 1955 ήκεν
1081 1874 1132 1939 ἐπ’

149 1973 358 2061 Ἀμβρακίαν,
375 1966 471 2041 Ἦλιν
493 1977 556 2059 ἔχει
577 1977 776 2058 τηλικαύτην
796 1977 892 2040 πόλιν
913 1976 950 2040 έν
966 1980 1132 2043 Πελοπον

151 2079 251 2165 νήσῳ,
274 2083 444 2162 Μεγάροις
466 2078 702 2162 ἐπεβούλευσεν
729 2080 854 2163 πρώην,
878 2081 952 2144 οὔθ’
974 2078 1132 2163 ήἙλλάς
1220 2142 1223 2147 ,

151 2185 227 2247 οὔδ’
250 2183 271 2265 ή
293 2183 459 2266 βάρβαρος
483 2181 545 2262 τήν
569 2179 759 2258 πλεονεξίαν
790 2190 888 2265 χωρεῖ
915 2181 1129 2264 τάνθρώπου.

107 2285 206 2350 τεκαὶ
227 2289 324 2350 ταῦθ’
340 2285 479 2369 δρῶντες
494 2284 527 2349 οἱ
543 2284 695 2366 Ἕλληνες
709 2283 849 2360 ἅπαντες
869 2285 926 2348 καὶ
941 2285 1129 2367 ἀκούοντες,

150 2389 191 2453 οὐ
220 2391 389 2473 πέμπομεν
415 2389 567 2471 πρέσβεις
598 2389 674 2471 περί
701 2389 829 2452 τούτων
856 2387 939 2472 πρὸς
966 2389 1130 2471 ἀλλήλους

149 2493 428 2576 κάγανακτοῦμεν,
451 2492 539 2556 οὕτω
562 2492 600 2556 δὲ
620 2499 730 2567 κακῶς
751 2491 946 2575 διακείμεθα
973 2493 1031 2555 καὶ
1059 2495 1127 2559 διο-

149 2597 347 2680 ρωρύγμεδα
362 2596 446 2659 κατά
459 2596 578 2675 πόλεις,
601 2595 675 2658 ὥστ’
693 2599 766 2678 ἀχρι
781 2604 839 2677 τῆς
849 2595 990 2679 τήμερον
1003 2595 1128 2681 ἡμέρας

149 2699 249 2764 οὐδὲν
264 2701 339 2763 οὔτε
354 2706 420 2763 τῶν
436 2700 671 2782 συμφερόντων
683 2700 759 2762 οὔτε
772 2707 840 2763 τῶν
850 2699 994 2764 δεόντων
1003 2698 1127 2783 πρᾶξαι
1239 2780 1240 2789 ρ

148 2803 321 2884 δννάμεδα
342 2802 421 2866 οὐδὲ
439 2809 595 2883 συστήναι
616 2801 695 2866 οὐδὲ
710 2801 891 2866 κοινωνίαν
899 2803 1056 2885 βοηθείας
1070 2805 1127 2866 καί

104 2920 138 2968 27
148 2907 258 2987 φιλίας
279 2906 440 2988 οὐδεμίαν
461 2906 679 2988 ποιήσασθαι,
709 2904 791 2968 ἀλλά
812 2906 908 2986 μείζω
928 2907 1126 2987 γιγνόμενον

144 3010 203 3073 τόν
213 3014 391 3095 ἄνθρωπον
400 3019 613 3092 περιορῶμεν,
628 3010 687 3074 τόν
697 3010 819 3092 χρόνον
832 3010 990 3093 κερδᾶναι
1004 3019 1125 3074 τοῦτον

147 3112 187 3176 ὃν
210 3115 305 3189 ἄλλος
327 3113 484 3177 ἀπόλλυδ’
500 3110 635 3188 ἕκαστος
648 3112 808 3195 ἐγνωκώς,
831 3113 876 3189 ῶς
889 3116 918 3195 γ’
934 3112 1007 3195 έμοί
1022 3114 1123 3194 δοκεῖ,

146 3214 207 3297 οὐχ
230 3216 318 3290 ὅπως
340 3218 524 3298 σωθήσεται
544 3217 586 3280 τὰ
607 3224 675 3279 τῶν
692 3212 855 3297 Ἑλλήνων
882 3223 1014 3279 σκοπῶν
1042 3216 1123 3281 οὐδὲ

144 3319 311 3402 πράττων,
344 3319 414 3384 ἐπεὶ
443 3321 492 3383 ὅτι
518 3323 547 3403 γ’
578 3321 687 3404 ῶσπερ
718 3320 871 3404 περίοδος
902 3319 922 3400 ἢ
957 3320 1122 3402 καταβολή

144 3430 289 3502 πυρετοῦ
310 3421 331 3502 ή
355 3425 455 3486 ἄλλον
477 3424 565 3498 τινὸς
591 3432 712 3503 κακοῦ,
740 3425 796 3487 καί
823 3432 868 3508 τῷ
895 3424 985 3487 πάνυ
1007 3424 1121 3508 πόρρω
1234 3465 1236 3491 ι

146 3524 299 3585 δοκοῦντι
323 3531 384 3586 νῦν
406 3524 587 3607 ἀφεστάναι
609 3527 836 3610 προσέρχεται,
867 3524 975 3602 οὐδεὶς
998 3527 1120 3609 ἀγνοεῖ.
