2484 3992
48 220 51 225 ⁴
149 212 232 277 XVI
531 211 745 262 PRAEFATIO.

563 447 964 456 ι------.--·

166 467 329 589 f—Anni

187 608 257 677 tany.
291 610 385 663 athar.

171 706 385 714 ——Q———u—

171 719 280 903 108‚2·3l
309 753 360 800 346
413 746 487 796 Inter
498 747 676 797 Athenienses
689 755 715 798 et
728 749 883 814 Philippum
895 764 947 815 pan
958 750 996 811 fit,
1014 765 1084 815 quae

387 812 396 897 ll
447 832 544 883 ateias
570 834 747 884 Philocrates.
782 835 815 884 D.
842 836 883 885 us
916 835 1021 901 legatus
1053 837 1082 884 sn

446 919 632 970 Macedoniam
651 924 756 970 missus.

414 1005 509 1056 Clades
528 1007 715 1056 Phocensium.
751 1007 977 1072 Amphictyonum
997 1007 1081 1073 legati

446 1092 565 1142 Athenas
572 1095 692 1142 veniunt.
706 1092 798 1143 Oratio
807 1093 841 1143 de
850 1109 922 1158 pace.
933 1093 1080 1142 Aeschines
1110 1104 1111 1111 ¹

446 1178 589 1244 legationis
613 1185 706 1243 gestae
723 1180 827 1228 rationo
845 1179 949 1229 reddita
966 1195 982 1228 a
1000 1179 1033 1247 D.
1052 1180 1082 1227 in

447 1267 489 1315 ius
507 1272 627 1315 vocatur.
1001 1258 1003 1263 ’

184 1329 279 1415 wall
308 1356 360 1404 344
413 1351 506 1416 Argivi
530 1356 556 1400 et
578 1352 706 1401 Messenii
729 1367 745 1400 a
768 1351 893 1416 Philippo
921 1352 1085 1401 adiuvantur

448 1444 541 1488 contra
549 1438 783 1487 Lacedaemonios.
803 1438 836 1486 D.
849 1437 953 1503 legatus
966 1438 994 1486 in
1007 1437 1085 1487 Pelo·

448 1539 574 1589 ponneso.

413 1611 505 1660 Oratio
523 1609 678 1674 Philippica
697 1609 789 1659 altera.

309 1699 360 1748 343
413 1697 578 1746 Philocrates
602 1696 636 1744 ab
660 1695 796 1760 Hyperide
820 1702 959 1744 accusatus
983 1694 1083 1745 a'iudi·
1107 1699 1109 1764 ξ

447 1784 522 1833 cibus
546 1782 694 1831 damnatur.
730 1781 915 1846 Megarenses,
933 1781 1082 1843 Ambracia,
1106 1765 1109 1864 l

447 1869 599 1918 Acarnania
618 1867 770 1932 aPhilippo
788 1867 894 1917 insidiis
913 1872 1081 1932 appetuntur.

184 1955 260 2017 109,a
413 1955 558 2005 Aeschines
586 1970 602 2004 a
629 1955 662 2003 D.
690 1951 911 2018 παραπρεσβείας
942 1958 1081 2002 accusatus

447 2056 480 2090 ex
503 2041 674 2090 damnatione
702 2039 801 2103 effugit.
838 2038 931 2087 Oratio
955 2035 1082 2101 περὶτῆς
1227 2024 1229 2079 l

447 2123 676 2192 παραπρεσβείας.
1109 2114 1112 2201 l

413 2213 554 2278 Philippus
572 2215 601 2261 in
619 2212 757 2261 Euboeam
775 2211 906 2260 militibus
930 2213 1019 2260 missis
1041 2216 1071 2275 ty
1110 2222 1111 2227 ’

446 2314 544 2349 rannos
562 2297 674 2347 urbibus
692 2298 816 2362 imponit.

185 2384 261 2447 109,3
309 2389 360 2437 342
412 2382 1082 2450 DiopithescolonisAtticispraeficiturinOherso·
1109 2357 1112 2448 l

447 2486 521 2522 neso.
1109 2466 1112 2515 l

413 2557 554 2622 Philippus
572 2557 703 2605 Thraciae
720 2554 822 2604 bollum
840 2554 928 2604 infert.
1026 2534 1032 2545 ⁵

309 2649 358 2697 341
413 2643 504 2693 Oratio
523 2640 585 2708 περὶ
596 2645 653 2691 τῶν
665 2636 695 2691 ἐν
703 2638 868 2707 Χερρονήσῳ
888 2646 915 2690 et
927 2640 1079 2705 Philippica
1108 2672 1111 2719 ρ

447 2731 536 2780 tertia.
1109 2729 1111 2796 l

412 2817 445 2865 D.
464 2816 568 2881 lagatus
587 2815 747 2879 Byzantium
771 2814 868 2862 missus
885 2813 1030 2877 Byzantios
1049 2811 1083 2860 ad
1109 2805 1112 2885 ξ

446 2902 538 2952 foedus
556 2918 617 2952 cum
629 2900 838 2951 Atheniensibus
856 2899 1007 2949 faciendum
1025 2912 1082 2963 per·
1109 2890 1112 2961 ξ

447 2988 527 3038 ducit.
1109 2990 1112 3051 l

185 3073 258 3135 110,1
309 3077 361 3126 340
412 3075 571 3139 Byzantium
590 3090 606 3123 a
624 3074 751 3140 Philippo
769 3077 950 3138 oppugnatum
969 3069 1080 3131 Atheni·
1109 3058 1112 3115 l

446 3176 523 3211 enses
549 3161 651 3211 bellum
677 3162 735 3226 regi
764 3159 886 3208 indicunt
912 3162 939 3206 et
968 3155 1081 3205 classem
1109 3140 1112 3226 l

447 3246 547 3295 auxilio
566 3248 676 3296 mittunt
695 3247 866 3310 Byzantium.
1108 3245 1112 3334 Ι

184 3331 259 3393 110‚2
309 3335 359 3383 339
412 3331 557 3383 Obsidione
570 3334 670 3383 omissa
680 3332 823 3397 Philippus
842 3330 895 3379 dux
913 3327 978 3378 belli
991 3332 1084 3376 contra

445 3418 544 3468 Locros
562 3419 754 3484 Amphissaeos
782 3419 816 3468 ab
839 3414 1080 3480 Amphictyonibus

392 3480 396 3568 l
446 3504 547 3554 electus
576 3504 701 3555 Elateam
737 3510 856 3569 occupat.
904 3499 1085 3551 Demosthene
