2484 3992
186 234 228 298 το
439 235 515 301 vn.
538 236 896 299 ΔΗΜοΣοεΝουΣ
982 195 986 203 ’

186 427 289 500 ἄλλως
303 425 477 507 δυναίμην.
507 426 627 500 πάντες
642 425 714 488 ὅσοι
735 428 805 487 ποτ’
829 423 1063 488 ἐκπεπλεύκασι
1083 428 1163 503 παρ’

187 527 281 609 ὑμῶν
304 526 486 612 στρατηγοί,
508 526 528 609 ή
550 526 609 610 ’γὼ
631 529 767 610 πάσχειν
789 526 901 592 ὁτιοῦν
922 536 1081 610 τιμῶμαι,
1108 526 1166 590 καὶ

186 631 276 714 παρὰ
289 632 380 696 Χίων
394 631 450 695 καί
471 634 548 716 παρ’
562 631 769 714 Ἐρυθραίων
790 631 847 695 καί
868 633 944 713 παρ’
968 630 1015 693 ὧν
1039 631 1080 695 ἂν
1093 630 1164 694 ἔκα-

187 751 259 798 στοι
292 734 475 814 δύνωνται,
507 735 635 798 τούτων
667 742 734 797 τῶν
765 733 827 817 τήν
844 730 958 798 Ἀσίαν
984 735 1166 798 οἰκούντων

144 839 285 920 καλέγω,
314 838 462 921 χρήματα
488 838 722 920 λαμβάνουσιν.
765 838 970 920 λαμβάνουσι
998 837 1029 901 δ’
1052 836 1166 920 οἱμὲν

188 942 313 1024 ἔχοντες
335 943 415 1022 μίαν
435 941 455 1023 ή
479 941 542 1005 δύο
563 945 648 1018 ναῦς
669 940 835 1021 ἐλάττονα,
856 941 889 1005 ολ
904 941 941 1005 δὲ
957 943 1054 1023 μείζω
1070 943 1165 1006 δύνα-

188 1068 245 1127 μιν
265 1046 410 1109 πλείονα.
441 1045 498 1108 καί
520 1045 672 1110 διδόασιν
692 1044 725 1107 οἱ
747 1044 893 1119 διδόντες
920 1046 996 1108 οὔτε
1018 1045 1060 1108 τὰ
1080 1046 1164 1127 μίκρ’

189 1151 264 1212 οὔτε
286 1150 326 1213 τὰ
348 1150 435 1212 πόλλ’
450 1149 517 1213 ἀντ’
540 1150 677 1225 οὐδενός
699 1150 755 1230 (ού
776 1149 840 1232 γάρ
862 1150 950 1213 οὕτω
972 1150 1165 1232 μαίνονται),

189 1253 256 1316 ἀλλ’
281 1252 463 1336 ὠνούμενοι
484 1253 528 1335 μή
557 1253 744 1317 ἀδικεῖσθαι
776 1253 856 1328 τοὺς
882 1256 959 1336 παρ’
989 1253 1101 1317 αὐτῶν
1121 1252 1166 1316 έκ-

189 1358 347 1432 πλέοντας
370 1356 542 1439 ἰμπόρους,
565 1357 608 1439 μὴ
634 1360 808 1436 συλᾶσθαι,
831 1358 1109 1440 παραπέμπεσθαι
1128 1356 1167 1420 τά

77 1528 79 1532 ,
189 1464 288 1524 πλοῖα
308 1462 348 1523 τά
372 1460 489 1539 αὐτῶν,
512 1462 719 1525 τὰτοιαῦτα·
741 1461 866 1543 φασίδ
883 1462 1014 1537 εὐνοίας
1030 1463 1168 1536 διδόναι,

147 1565 247 1628 σσκαί
268 1567 367 1628 τοῦτο
381 1566 514 1646 τοῦνομ’
538 1563 602 1647 ἔχει
622 1565 663 1628 τὰ
685 1566 835 1647 λήμματα
850 1569 964 1630 ταῦτα.
987 1567 1044 1630 καί
1060 1566 1100 1648 δή
1115 1567 1167 1629 καί

191 1678 255 1732 νῦν
276 1676 321 1752 τῷ
344 1669 517 1733 Διοπείθει
541 1669 712 1750 στράτευμ’
736 1669 840 1751 ἔχοντι
865 1677 977 1752 σαφῶς
992 1669 1061 1734 ἐστι
1075 1678 1169 1732 τοῦτο

192 1772 303 1853 δήλου,
328 1772 377 1835 ὅτι
392 1772 536 1834 δώσουσι
549 1770 698 1854 χρήματα
712 1773 829 1846 πάντες
851 1770 959 1836 οὗτοι·
981 1773 1089 1837 πόθεν
1108 1773 1169 1854 γὰρ

192 1878 294 1938 οἴεσθ’
319 1877 459 1938 ἄλλοθεν
480 1873 537 1937 τδν
565 1873 644 1955 μήτε
676 1875 816 1955 λαβόντα
838 1878 914 1958 παρ’
941 1874 1037 1958 ὑμῶν
1070 1876 1170 1958 μηδὲν

192 1979 264 2061 μήτ’
288 1978 390 2042 αὐτὸν
417 1978 524 2060 ἔχονθ’
549 1976 674 2041 ὁπόθεν
701 1978 943 2060 μισθοδοτήσει,
976 1981 1169 2062 στρατιώτας

192 2084 339 2166 τρέφειν,
372 2081 408 2145 έκ
429 2085 489 2146 τού
513 2082 679 2164 ούρανού,·
712 2081 774 2144 οὐκ
795 2081 862 2145 έστι
885 2091 998 2163 ταῦτα,
1025 2083 1093 2147 ἀλλ’
1116 2079 1168 2166 ἀφ’

195 2186 242 2250 ὧν
265 2185 386 2268 ἀγείρει
409 2186 465 2249 καί
486 2195 660 2267 προσαιτεῖ
678 2185 734 2248 καί
756 2186 943 2266 δανείζεται,
968 2187 1033 2250 άπὸ
1048 2189 1170 2251 τούτων

150 2304 183 2353 27
194 2290 309 2370 διάγει.
341 2289 441 2353 οὐδὲν
455 2284 517 2352 οὖν
532 2290 609 2351 ἄλλο
631 2297 786 2352 ποιοῦσιν
807 2288 839 2351 οἰ
860 2299 1117 2371 κατηγοροῦντες
1137 2288 1170 2353 έν

194 2393 274 2476 ὑμῖν
294 2393 314 2475 ἣ
331 2393 549 2477 προλέγουσιν
564 2392 668 2455 ἅπασι
684 2392 759 2475 μήδ’
776 2391 889 2456 ὁτιοῦν
904 2392 1017 2479 ἐκείνῳ
1033 2394 1169 2470 διδόναι,

197 2496 240 2573 ὡς
262 2498 318 2560 καί
339 2501 399 2561 τού
422 2499 576 2579 μελλήσαι
599 2497 740 2558 δώσοντι
762 2496 867 2578 δίκην,
891 2496 934 2579 μή
949 2519 981 2560 τι
1002 2498 1172 2580 ποιήσαντί

195 2600 266 2682 γ’ή
296 2597 584 2685 καταπραξαμένῳ.
629 2601 717 2663 τοῦτ’
741 2599 823 2663 εἰσὶν
849 2599 881 2662 οἱ
907 2600 1015 2682 λόγοι·
1045 2603 1171 2685 ’,μέλλει

196 2706 391 2786 πολιορκεῖν,
413 2702 491 2776 τοὺς
514 2702 672 2783 Ἕλληνας
693 2702 882 2766 έκδίδωσι·“
916 2704 1005 2785 μέλει
1028 2707 1093 2787 γάρ
1113 2727 1172 2768 τινι

195 2809 324 2872 τούτων
337 2815 403 2871 τῶν
416 2806 477 2888 τὴν
499 2808 609 2870 Ἀσίαν
623 2807 804 2870 οἰκούντων
821 2802 999 2888 Ἑλλήνων·
1024 2808 1172 2890 ἀμείνους

155 2911 320 2994 αεμέντάν
341 2909 407 2976 εἰεν
428 2921 494 2975 τῶν
516 2914 623 2974 ἄλλων
642 2910 662 2991 νή
677 2918 735 2992 τῆς
748 2911 904 2992 πατρίδος
918 2911 1090 2992 κήδεσθαι.
1123 2913 1171 2976 καὶ

197 3020 235 3082 τό
257 3021 285 3100 γ’
309 3018 355 3092 εἰς
382 3017 440 3080 τὸν
462 3013 702 3097 Ἑλλήσποντον
729 3015 916 3095 εἰσπέμπειν
939 3014 1061 3097 ,ἕτερον
1089 3036 1173 3101 στρα-

199 3121 300 3203 τηγὸν
320 3117 407 3185 τοῦτ’
432 3121 529 3185 ἔστιν.
568 3120 597 3183 εἰ
618 3121 682 3203 γάρ
705 3120 798 3183 δεινά
819 3129 909 3183 ποιεῖ
920 3123 1105 3203 Διοπείθης
1125 3121 1174 3184 καί

199 3225 332 3306 κατάγει
354 3224 395 3286 τδι
409 3226 516 3303 πλοῖα,
540 3224 668 3306 μικρόν,
693 3218 853 3306 άάνδρες
864 3224 1048 3304 Ἀθηναῖοι,
1064 3225 1175 3308 μικρὸν

199 3329 353 3392 πινάκιον
375 3332 479 3392 ταῦτα
500 3329 607 3391 πάντα
622 3329 768 3390 κωλῦσαι
783 3326 907 3390 δύναιτ’
925 3330 975 3406 άν,
998 3329 1055 3391 καί
1070 3331 1174 3412 λέγον·

202 3449 255 3496 σιν
278 3431 310 3495 οἱ
331 3433 428 3511 νόμοι
438 3435 552 3509 ταῦτα,
575 3430 655 3505 τοὺς
669 3430 866 3505 ἀδικοῦντας
888 3431 1116 3513 εἰσαγγέλλειν,
1138 3432 1174 3496 ού

201 3534 248 3615 μδι
270 3535 325 3596 Δί’
354 3533 396 3595 οὐ
425 3533 591 3606 δαπάναις
612 3533 668 3594 καί
696 3532 862 3615 τριήρεσιν
892 3535 1069 3610 τοσαύταις
1102 3535 1176 3618 ἡμᾶς
