2484 3992
359 286 471 352 ΠΕΡΙ
491 285 587 347 ΤΗΣ
607 282 824 346 ΕΙΡΗΝΗΣ.
1037 277 1077 342 51

206 468 286 560 Ὁρῶ
301 477 370 558 μέν,
387 472 413 538 ὦ
429 476 547 555 ἄνδρες
564 470 747 554 Ἀθηναῖοι,
762 472 803 535 τδι
817 473 966 554 παρόντα
980 472 1079 553 πράγ·

101 603 190 664 ματα
211 579 334 661 πολλὴν
349 578 528 642 δυσκολίαν
544 576 658 659 ἔχοντα
673 577 728 638 καλ
743 575 897 658 ταραχήν,
920 575 962 638 οὐ
976 578 1081 658 μόνον

99 694 147 769 τῷ
170 683 273 747 πολλὰ
294 687 468 765 προεῖσθαι
496 681 551 743 καλ
579 680 682 761 μηδὲν
710 676 793 742 εἶναι
815 681 986 762 προύργου
1007 682 1081 764 περὶ

102 788 215 852 αὐτῶν
237 783 275 851 εὖ
296 788 409 869 λέγειν,
434 785 514 849 ἀλλὰ
535 784 591 847 καὶ
613 785 688 866 περὶ
709 793 775 847 τῶν
790 784 980 848 ὑπολοίπων
994 788 1078 849 κατὰ

100 891 208 955 ταύτὰ
229 890 312 973 μηδὲ
334 893 410 953 καθ’
433 889 469 952 ἓν
495 887 533 951 τδ
561 888 729 970 συμφέρον
761 889 885 964 πάντας
917 888 1079 971 ἡγεῖσθαι,

105 995 187 1058 άλλδι
209 1003 276 1068 τοῖς
298 993 358 1074 μὲν
381 991 451 1071 ὡδί,
474 1000 542 1066 τοῖς
564 990 593 1052 δ’
616 990 733 1072 ἑτέρως
754 991 872 1055 δοκεῖν.
918 994 1110 1057 δυσκόλουκ

104 1098 134 1161 δ’
152 1100 246 1171 ὄντος
268 1098 367 1180 φύσει
382 1096 438 1158 καλ
452 1097 595 1177 χαλεποῦ
609 1103 668 1156 τοῦ
683 1095 902 1176 βουλεύεσθαι
913 1097 959 1160 ἔτι
974 1101 1081 1183 πολλῷ

102 1203 329 1285 χαλεπώτερον
350 1200 443 1282 ὑμεῖς
466 1198 546 1263 αὐτὸ
568 1199 772 1279 πεποιήκατ’,
804 1196 829 1263 ὦ
853 1202 971 1284 ἄνδρες
989 1199 1081 1283 'Atm-

102 1314 210 1370 ναῖοι·
244 1303 275 1367 ολ
302 1305 363 1386 μὲν
388 1304 453 1386 γὰρ
482 1306 573 1366 ἄλλοι
595 1305 713 1378 πάντες
731 1307 907 1386 ’ἅνθρωποι
929 1305 993 1388 πρὸ
1015 1315 1081 1368 τῶν

103 1410 306 1492 πραγμάτων
321 1408 458 1472 εἰώθασι
472 1411 614 1490 χρῆσθαι
631 1416 674 1491 τῷ
690 1408 916 1489 βουλεύεσθαι,
931 1409 1030 1490 ζύμεῖς
1044 1410 1081 1472 δὲ

102 1511 188 1593 μετὰ
201 1512 242 1574 τά
253 1513 435 1595 πράγματα.
459 1510 496 1573 ἐκ
510 1510 547 1573 δὲ
558 1511 677 1573 τούτου
691 1511 862 1592 συμβαίνει
872 1512 962 1594 παρὰ
976 1514 1083 1575 πάντα

104 1615 167 1678 τὸν
186 1614 321 1697 χρόνον,
355 1614 395 1677 δν
416 1609 486 1695 οἶδ’Ι
506 1612 585 1695 ἐγώ,
619 1612 678 1675 τὸν
705 1614 765 1695 μὲν
793 1613 842 1689 οἷς
865 1615 906 1678 ἂν
928 1615 1081 1700 ἁμάρτητ’

106 1718 305 1798 ἐπιτιμῶντα
328 1715 513 1798 εὐδοκιμεῖν
533 1715 590 1779 καλ
616 1715 727 1780 δοκεῖν
759 1713 797 1780 εὖ
831 1718 951 1800 λέγειν,
984 1720 1085 1782 τὰδὲ

103 1823 281 1903 πράγματα
314 1821 370 1883 καὶ
402 1820 476 1903 περὶ
510 1818 557 1882 ὧν
577 1820 767 1902 βουλεύεσθ’
797 1819 968 1903 ἐκφεύγειν
990 1821 1084 1902 ὑμεῖς.

106 1925 150 1987 ού
179 1923 245 2005 μην
272 1924 351 1986 άλλδι
381 1925 497 2006 καίπερ
518 1924 647 1986 τούτων
674 1924 779 1998 οὕτως
807 1922 948 2006 ἑχόντων
977 1925 1115 2006 ὀἴομαιε

105 2027 166 2090 καὶ
187 2026 345 2102 πεπεικὼς
366 2024 509 2109 ἐμαυτὸν
538 2026 717 2109 ἀνέστηκα,
753 2027 796 2091 ἂν
822 2025 997 2111 ἐθελήσητε
1025 2037 1087 2091 τοῦ

105 2130 269 2213 θορυβεῖν
290 2130 345 2193 καὶ
367 2131 550 2213 φιλονικεῖν
562 2128 761 2205 ἀποστάντες
777 2129 921 2211 άκούειν,
945 2129 989 2206 ὡς
1004 2130 1086 2214 ὑπὲρ

106 2235 233 2307 πόλεως
267 2233 519 2315 βουλευομένοις
557 2233 613 2295 καὶ
648 2235 850 2315 τηλικούτων
885 2235 1088 2317 πραγμάτων

106 2334 283 2419 προσήκει,
320 2333 403 2412 ἕξειν
434 2336 490 2399 καλ
522 2336 628 2418 λέγειν
659 2336 715 2398 καλ
752 2338 1005 2418 συμβουλεύειν,
1039 2339 1086 2400 δι’

109 2437 159 2501 ὧν
186 2437 242 2501 καῖ
268 2438 309 2501 τδι
335 2439 473 2523 παρόντ’
502 2437 593 2502 ἔσται
621 2438 736 2520 βελτίω
762 2439 819 2502 καλ
848 2439 889 2503 τὰ
910 2439 1087 2523 προειμένα

109 2542 306 2625 σωθήσεται.

211 2643 367 2731 Ἀκριβῶς
382 2648 410 2711 δ’
428 2647 531 2728 εἰδώς,
555 2643 581 2710 ὦ
597 2648 715 2732 ἄνδρες
723 2644 909 2731 Ἀθηναῖοι,
930 2649 968 2713 τὸ
983 2650 1117 2733 λέγεται

109 2752 185 2835 περὶ
201 2750 248 2815 ὧν
271 2752 370 2828 αὐτὸς
391 2749 481 2817 εἶπέν
494 2775 543 2827 τις
557 2753 613 2816 καλ
627 2755 703 2835 περὶ
725 2753 829 2817 αὑτοῦ
851 2758 927 2837 παρ’
943 2754 1022 2838 ύμῖν
1038 2755 1090 2819 άεῖ

109 2864 179 2918 τῶν
204 2857 293 2919 πάνυ
316 2856 573 2919 λυσιτελούντων
600 2865 669 2931 τοῖς
700 2859 863 2939 τολμῶσιν
896 2859 949 2937 ὄν,
984 2858 1089 2933 οὕτως

108 2956 256 3039 ἡγοῦμαι
284 2958 440 3043 φορτικὸν
461 2959 516 3022 καλ
538 2957 686 3041 ἐπαχθές,
716 2960 790 3023 ὥστ’
814 2958 962 3042 ἀνάγκην
984 2956 1089 3023 οὖσαν

111 3060 201 3144 ὀρῶν
217 3061 304 3143 ὅμως
318 3065 460 3125 ἀποκνῶ.
493 3062 613 3143 νομίζω
636 3063 664 3125 δ’
689 3066 823 3143 άμεινον
846 3063 888 3127 ἂν
909 3061 994 3145 ὑμεῖς
1015 3065 1089 3147 περὶ

111 3163 160 3227 ὧν
180 3173 245 3228 νῦν
266 3163 330 3249 ἐρῶ
352 3173 462 3248 κρῖναι
484 3167 583 3250 μικρὰ
606 3175 672 3229 τῶν
693 3168 853 3248 πρότερόν
873 3187 951 3231 ποτε
973 3166 1088 3251 βηδίυ·

110 3290 178 3332 των
210 3266 264 3331 ὑπ’
288 3266 368 3350 ἐμοῦ
396 3270 693 3351 μνημονεύσαντας.
738 3267 801 3350 ἐγὼ
823 3271 896 3354 γάρ,
925 3267 1119 3354 ὦάνδρεςσ

106 3370 298 3454 Ἀθηναῖοι,
330 3381 461 3456 πρῶτον
488 3373 565 3455 μέν,
597 3372 683 3455 ἡνίκ’
712 3373 846 3437 ἔπειθόν
876 3396 961 3449 τινες
993 3373 1088 3455 ὑμᾶς,

111 3483 179 3539 τῶν
211 3473 248 3539 ἐν
280 3473 407 3560 Εὐβοία
435 3477 637 3559 πραγμάτων
674 3477 922 3559 ταραττομένων
953 3477 1089 3558 βοηθεῖν

111 3582 316 3666 Πλουτάρχῳ
343 3581 400 3645 καὶ
426 3583 570 3662 πόλεμον
595 3582 667 3649 καί,
680 3579 800 3657 ἄδοξον
821 3581 877 3643 κοιλ
899 3581 1091 3664 δαπανηρὸν

351 3713 354 3723 .
952 3679 986 3730 4*
