2484 3992
163 219 203 282 72
415 217 490 283 VII.
513 221 872 282 ΔΗΜΟΣΘΕΝΟῬΣ

162 409 373 492 κληρούχους,
396 410 455 484 οῦς
468 417 532 473 νῦν
547 408 713 472 αἰτιῶνται
728 409 942 490 πεποιηκέναι
970 408 1029 472 τδν
1051 410 1149 472 πόλε-

164 535 235 594 μον,
258 514 361 576 πολλὰ
383 512 444 594 μὲν
464 520 532 577 τῶν
552 511 718 595 ἡμετέρων
740 512 862 588 ἀδίκως
884 513 1033 595 εἰληφώς,
1059 510 1148 593 ὑπὲρ

165 616 212 679 ὧν
227 616 412 699 ψηφίσμαθ’
429 615 555 700 ὑμέτερ’
571 615 772 699 ἐγκαλοῦντα
787 617 887 698 κύρια
903 617 1009 695 ταυτί,
1030 617 1149 678 πάντα

163 720 199 782 δὲ
227 720 285 783 τὸν
312 720 431 802 χρόνον
459 728 600 802 συνεχως
621 719 663 783 τά
684 728 751 784 τῶν
773 721 880 783 ἀλλων
897 715 1067 801 Ἑλλήνων
1090 718 1148 781 καλ

161 824 338 906 βαρβάρων
359 824 534 906 λαμβάνων
555 823 611 886 καὶ
633 822 685 907 ἐφ’
699 822 785 905 ἡμεῖς
800 825 1094 906 συσκευαζόμενος,
1117 823 1151 886 τί

132 935 257 990 ττοῦτο
272 928 435 1009 λέγουσιν,
458 925 502 1003 ὡς
523 929 676 1009 πολεμεῖν
697 926 717 1009 ἢ
741 930 833 1010 ἄγειν
855 928 990 1011 εἰρήνην
1008 930 1064 992 δεῖ
1065 952 1082 1009 ,·
1105 926 1148 990 οὑ

162 1030 226 1113 γάρ
249 1028 372 1112 αἵρεσίς
393 1029 483 1094 έστιν
503 1030 583 1113 ἡμῖν
605 1039 665 1094 τοῦ
687 1032 893 1113 πράγματος,
923 1031 991 1094 ἀλλ’
1015 1030 1148 1094 ὑπολεί-

160 1152 254 1197 πεται
276 1133 313 1196 τὸ
336 1134 545 1199 δικαιότατον
570 1135 628 1199 καὶ
649 1134 909 1217 ἀναγκαιότατον
935 1144 1003 1199 τῶν
1026 1136 1147 1218 ἔργων,

161 1236 179 1298 ὃ
206 1236 463 1320 ὑπερβαίνουσιν
490 1237 618 1313 ἑκόντες
645 1235 747 1301 οὑτοι.
790 1239 824 1301 τί
844 1234 906 1301 οὑν
934 1237 1003 1302 ἐστι
1026 1249 1149 1318 ταῦτα·

161 1339 347 1422 ἀμύνεσθαι
375 1341 432 1405 τδν
459 1343 621 1426 πρότερον
647 1338 846 1422 πολεμοῦνθ’
869 1340 958 1423 ἡμῖν.
1003 1341 1094 1425 πλὴν
1117 1341 1146 1404 εί

160 1453 258 1507 τοῦτο
280 1445 411 1525 λέγουσι
432 1444 473 1527 νὴ
496 1445 567 1525 Δί’,
595 1443 649 1524 ὡς,
677 1444 719 1508 ἂν
742 1444 897 1527 ἀπέχηται
918 1452 977 1527 τῆς
999 1442 1148 1527 Ἀττικῆς

159 1548 215 1610 κοιλ
236 1557 296 1611 τοῦ
319 1552 483 1633 Πειραιῶς
505 1548 524 1612 ὁ
549 1550 720 1628 Φίλιππος,
743 1550 811 1611 οὔτ’
835 1548 945 1612 ἀδικεῖ
962 1549 1026 1631 τὴν
1047 1552 1147 1614 πόλιν

130 1655 235 1717 εοῦτε
267 1661 354 1716 ποιεῖ
386 1653 538 1735 πόλεμον.
583 1653 612 1716 εί
635 1653 663 1715 δ’
686 1651 723 1715 έκ
751 1652 879 1715 τούτων
899 1650 939 1715 τὰ
963 1652 1078 1716 δίκαια
1102 1653 1146 1716 τί·

158 1760 275 1819 θενται
304 1756 360 1819 καλ
388 1755 449 1838 τὴν
476 1754 610 1839 εἰρήνην
638 1756 763 1836 ταύτην
789 1755 967 1839 ὁρίζονται,
1002 1757 1054 1821 ότι
1083 1757 1145 1839 μέν

160 1860 331 1942 δήπουθεν
360 1862 434 1924 οὔθ’
464 1861 529 1923 ὅσι’
553 1862 622 1922 οὔτ’
646 1858 765 1923 ἀνεκτὰ
787 1860 939 1940 λέγουσιν
961 1863 1039 1924 οὔθ’
1062 1862 1145 1943 ὑμῖν

159 1963 300 2047 ἀσφαλῆ,
334 1964 435 2047 δῆλόν
461 1962 550 2027 έστιν
579 1963 716 2042 ἅπασιν,
746 1963 788 2027 οὑ
815 1961 882 2045 μὴν
909 1962 977 2027 ἀλλ’
1007 1963 1144 2029 ἐναυτία

159 2066 331 2147 συμβαίνει
353 2076 425 2141 ταῖς
451 2068 677 2150 κατηγορίαις,
711 2067 750 2141 ἀς
771 2067 974 2141 Διοπείθους
1006 2089 1143 2151 κατηγο·

159 2179 264 2254 ροῦσι,
288 2170 343 2232 καὶ
366 2170 450 2234 αὑτὺ
472 2178 576 2233 ταῦτα
598 2170 704 2252 λέγειν
726 2169 857 2244 αὐτούς.
894 2172 927 2234 τί
939 2170 1004 2252 γδιρ
1020 2172 1143 2253 δήποτε

159 2284 202 2360 τῷ
226 2273 286 2357 μέν
311 2274 463 2359 Φιλίππῳ
484 2275 593 2336 πάντα
620 2275 720 2337 τᾶλλα
753 2282 860 2337 ποιεῖν
892 2271 1049 2350 ἐξουσίαν
1083 2277 1141 2340 δώ-

156 2396 273 2460 σομεν,
309 2378 351 2441 ἂν
383 2385 440 2459 τῆς
465 2373 608 2458 Ἀττικῆς
641 2376 806 2458 ἀπέχηται,
839 2385 884 2461 τῷ
907 2380 1082 2442 Διοπείθει
1111 2378 1140 2443 δ’

159 2482 237 2545 οὑδὲ
260 2482 397 2565 βοηθεῖν
424 2490 492 2556 τοῖς
516 2476 639 2563 Θρᾳξίν
662 2477 794 2558 ἐξέσται,
824 2478 845 2560 ἢ
867 2480 1012 2563 πόλεμον
1033 2491 1141 2546 ποιεῖν

127 2586 258 2651 οαὺτὸν
281 2585 428 2669 φήσομεν
431 2608 446 2665 ,·
469 2585 549 2648 ἀλλὰ
564 2583 605 2665 νὴ
617 2585 695 2662 Δία,
718 2592 822 2646 ταῦτα
836 2583 898 2665 μὲν
911 2581 1142 2673 ἐξελέγχονται,
1233 2584 1234 2665 J

154 2690 247 2753 δεινὰ
270 2697 402 2751 ποιοῦσι
418 2685 447 2750 δ’
465 2687 497 2751 οἱ
512 2685 598 2764 ξένοι
619 2687 868 2769 περικόπτοντες
889 2688 930 2750 τδι
952 2686 989 2751 έν
1010 2682 1138 2774 Ἑλλησ-

157 2792 277 2876 πόντῳ,
307 2791 363 2854 καὶ
384 2793 567 2873 Διοπείθης
590 2791 699 2854 ἀδικεῖ
718 2791 870 2872 κατάγων
891 2792 931 2853 τὰ
953 2793 1062 2873 πλοῖα,
1086 2797 1142 2858 καὶ

158 2897 209 2960 δεῖ
229 2896 273 2980 μὴ
290 2896 474 2979 ἐπιτρέπειν
490 2896 587 2981 αὑτῷ.
623 2895 715 2974 ἔστω,
738 2895 902 2977 γιγνέσθω
916 2899 1018 2976 ταῦτ’,
1042 2897 1142 2962 οὐδέν

119 3017 151 3066 10
163 3002 328 3085 ἀντιλέγω.
373 2997 464 3084 οἶμαι
485 3000 596 3082 μέντοι
619 3000 705 3078 δεῖν,
740 3002 828 3082 εἴπερ
857 2998 900 3075 ὡς
930 2999 1062 3082 ἀληθῶς
1088 3003 1142 3067 ἐπὶ

155 3112 235 3171 παῖσι
247 3106 386 3181 δικαίοις
400 3114 504 3169 ταῦτα
520 3104 818 3186 συμβουλεύουσιν,
842 3103 950 3188 ὥσπερ
964 3104 1025 3186 τὴν
1039 3104 1140 3188 ὑποίρ

158 3224 283 3289 χουσαυ
305 3217 344 3292 τῇ
365 3209 457 3272 πόλει
480 3208 625 3288 δύναμιν
646 3207 828 3269 καταλῦσαι
852 3207 981 3289 ζητοῦσι
996 3208 1055 3271 τόν
1070 3207 1139 3292 ἐφε-

159 3312 297 3391 στηκότα
324 3311 380 3374 καὶ
407 3312 580 3394 πορίζοντα
608 3308 757 3393 χρήματα
779 3310 881 3393 ταὺτη
906 3309 1140 3392 διαβάλλοντες
1233 3328 1234 3353 λ

156 3413 193 3477 ἐν
215 3413 310 3497 ὑμῖν,
341 3416 428 3479 οὑτω
451 3415 511 3495 τὴν
535 3414 701 3478 Φιλίππου
730 3414 875 3497 δύναμιν
903 3411 1007 3491 δεῖξαι
1028 3415 1138 3480 διαλυ-

153 3517 360 3599 θησομένην,
398 3510 441 3579 ἂν
473 3517 566 3596 ὑμεῖς
596 3520 703 3579 ταῦτα
738 3521 905 3600 πεισθῆτε.
950 3518 979 3581 εί
1014 3518 1051 3582 δέ
1084 3520 1138 3603 μή,

1232 3428 1234 3499 ί
