2484 3992
169 238 210 303 10
458 238 483 303 Ι.
508 238 863 302 ΔΗΜΟΣΘΕΝΟῬΣ

167 427 273 510 έροιτό
299 449 348 502 τις
373 425 468 509 ὑμᾶς,
491 426 625 509 εἰρήνην
652 423 797 509 ἄγετ’,ὠ
824 427 941 509 ἄνδρες
965 430 1163 511 Ἀθηναῖοι,-

167 532 213 615 μά
233 534 288 595 Δί’
312 532 371 615 οὐχ
392 530 484 613 ἡμεῖς
506 535 546 612 χ,
569 528 680 594 εἴποιτ’
706 535 757 610 ἄν,
780 532 861 595 ἀλλὰ
886 533 1041 617 Φιλίππω
1064 536 1160 597 πολε-

125 644 304 718 εομοῦμεν.
350 635 412 698 οὐκ
445 633 672 716 ἐχειροτονεῖτε
702 634 730 697 δ
755 630 787 709 ἐξ
809 634 903 716 ὑμῶν
930 634 1045 699 αὐτῶν
1074 636 1161 699 δέκα

168 737 360 822 ταξιάρχους
381 737 437 800 καλ
461 739 661 819 στρατηγοὺς
704 737 760 800 ιιαλ
783 739 972 821 φυλάρχους
999 740 1060 801 καὶ
1084 739 1162 801 ἱππ·

169 844 290 925 άρχους
304 840 367 903 δύο
370 862 384 920 ,·
405 840 438 903 τί
451 835 513 904 οὖν
527 837 619 902 οὗτοι
636 849 792 904 ποιοῦσιν
796 863 809 921 ,·
831 840 916 922 πλὴν
931 840 1004 916 ἑνὸς
1020 841 1162 924 άνδρός,

169 944 209 1009 ὃν
231 944 272 1007 ἂν
293 944 432 1026 πέμψητ’
448 941 501 1007 ἐπὶ
516 943 574 1007 τὸν
588 943 741 1025 πόλεμον,
765 942 797 1005 οἱ
819 944 929 1007 λοιποὶ
943 942 1002 1017 τὰς
1016 946 1161 1025 πομπὰς

172 1047 360 1128 πέμπουσιν
366 1044 446 1128 ὑμῖν
452 1046 532 1128 μετὰ
538 1054 605 1108 τῶν
611 1044 801 1128 ἱεροποιῶν·
815 1045 924 1127 ὥσπερ
934 1045 998 1128 γὰρ
1015 1046 1048 1108 οἱ
1054 1049 1162 1109 πλάτ-

169 1172 280 1224 τοντες
294 1150 372 1226 τοὺς
386 1152 554 1231 πηλίνους,
571 1149 617 1223 είς
631 1148 692 1230 τὴν
708 1147 834 1231 άχοραν
844 1159 1059 1231 χειροτονεῖτε
1075 1153 1162 1226 τοὺς

169 1251 363 1335 ταξιάρχους
378 1254 434 1316 καλ
449 1253 526 1326 τοὺς
549 1253 748 1334 φυλάρχους,
771 1251 833 1315 οὐκ
856 1250 909 1315 ἐπὶ
924 1251 983 1314 τὸν
996 1252 1162 1334 πόλεμον.

129 1358 213 1422 ῖῖού
234 1359 298 1439 γὰρ
321 1356 427 1439 ἐχρῆν,
462 1352 629 1438 ώάνδρες
648 1351 827 1436 Ἀθηναῖοι,
861 1353 1054 1439 ταξιάρχους
1077 1366 1164 1441 παρ’

169 1460 273 1541 ὑμῶν,
297 1458 459 1541 ἵππαρχον
480 1459 556 1541 παρ’
580 1457 683 1540 ὑμῶν,
708 1463 867 1541 ἄρχοντας
888 1460 1030 1534 οἰκείους
1052 1455 1156 1540 εἶναι,

171 1559 211 1625 ἵν’
235 1558 278 1644 ἦν
301 1560 344 1637 ὡς
367 1562 497 1643 άληθῶς
518 1570 574 1644 τῆς
589 1561 747 1644 πόλεωςὴ
768 1562 926 1644 δύναμις,·
948 1562 1015 1625 ἀλλ’
1031 1563 1079 1638 είς
1095 1564 1163 1645 μὲν

172 1670 308 1749 Λῆμνον
335 1666 393 1730 τὸν
414 1669 490 1746 παρ’
513 1666 607 1747 ὑμῶν
630 1664 794 1748 ἵππαρχον
816 1664 868 1728 δεῖ
889 1665 1003 1745 ῗπλεῖν,
1032 1674 1104 1728 τῶν
1130 1668 1161 1730 δ’

173 1768 258 1852 ὑπὲρ
279 1778 345 1834 τῶν
366 1777 423 1851 τῆς
445 1771 568 1844 πόλεως
591 1770 764 1851 κτημάτων
787 1769 1035 1850 ἀγωνιζομένων
1051 1772 1161 1835 Μενέ-

171 1874 254 1936 λαον
268 1872 455 1957 ἱππαρχεῖν;
479 1875 535 1936 καὶ
550 1873 590 1936 οὐ
612 1872 670 1936 τὸν
696 1872 800 1954 ἄνδρα
823 1872 1030 1954 μεμφόμενος
1051 1883 1162 1937 ταῦτα

171 1976 264 2057 λέγω,
278 1976 343 2039 ἀλλ’
356 1976 413 2058 ὑφ’
427 1976 521 2056 ὑμῶν
533 1975 595 2039 ἔδει
610 1975 917 2058 κεχειροτονημένον
928 1970 1012 2038 εἶναι
1024 1984 1161 2062 τοῦτον,

174 2078 261 2152 ὅστις
283 2078 325 2140 ἂν
346 2068 378 2162 ᾖ.

121 2197 157 2245 28
248 2178 341 2257 Ἰσως
363 2181 400 2244 δὲ
422 2190 526 2244 ταῦτα
548 2181 608 2263 μὲν
632 2181 741 2264 ὀρθῶς
762 2181 899 2264 ἡγεῖσθε
922 2181 1093 2263 λέγεσθαι,
1119 2182 1161 2244 τὸ

172 2285 208 2348 δὲ
230 2294 296 2348 τῶν
325 2287 514 2368 χρημάτων,
548 2285 636 2348 πόσα
658 2285 714 2348 καλ
741 2285 848 2348 πόθεν
875 2283 979 2363 ἔσται,
1014 2285 1158 2365 μάλιστα
1230 2328 1231 2359 ss

172 2391 297 2452 ποθεῖτ’
328 2388 477 2452 ἀκοῦσαι.
523 2397 620 2451 τοῦτο
648 2387 689 2469 δὴ
718 2387 773 2448 καὶ
805 2386 959 2468 περαίνω.
1004 2385 1157 2468 χρήματα

172 2493 296 2571 τοίνυν,
326 2492 414 2555 ἔστιν
435 2492 497 2572 μὲν
517 2490 537 2571 ἡ
561 2490 677 2573 τροφή,
709 2490 892 2571 σιτηρέσιον
913 2489 1016 2570 μόνον
1037 2498 1077 2572 τῇ
1101 2489 1157 2551 δυ-

173 2598 267 2677 νάμει
291 2596 403 2677 ταύτῃ,
427 2596 555 2657 τάλαντ’
575 2591 772 2675 ἐνενήκοντα
794 2593 850 2654 καλ
872 2593 991 2674 μικρόν
1011 2614 1043 2654 τι
1065 2593 1157 2674 πρός,

173 2697 253 2759 δέκα
267 2697 329 2778 μὲν
342 2697 443 2759 ναυσὶ
456 2695 599 2776 ταχείαις
612 2696 851 2777 τετταράκοντα
862 2696 1015 2774 τάλαντα,
1031 2697 1155 2758 εἴκοσιν

173 2799 220 2874 είς
240 2798 301 2879 τὴν
321 2807 407 2861 ναῦν
430 2807 509 2879 μναῖ
536 2807 595 2861 τοῦ
624 2800 726 2881 μηνὸς
754 2798 911 2881 ἑκάστου,
945 2800 1157 2881 στρατιώταις

174 2901 210 2965 δὲ
233 2901 401 2983 δισχιλίοις
428 2905 566 2965 τοσαῦθ’
590 2901 699 2986 ἕτερα,
734 2900 788 2965 ἵνα
817 2902 897 2966 δέκα
925 2905 985 2965 τοῦ
1013 2901 1156 2984 μηνὸςὸ

174 3007 371 3088 στρατιώτης
393 3003 539 3086 δραχμὰς
563 3008 747 3089 σιτηρέσιον
768 3006 933 3087 λαμβάνῃ,
955 3013 1025 3080 τοῖς
1046 3005 1083 3066 δ’
1107 3004 1156 3067 ἱπ-

173 3112 270 3172 πεῦσι
282 3109 463 3183 διακοσίοις
474 3103 580 3187 οὖσιν,
596 3108 656 3172 ἐὰν
667 3110 843 3190 τριάκοντα
858 3107 1007 3192 δραχμὰς
1021 3106 1156 3182 ἕκαστος

131 3226 164 3275 29
173 3212 322 3295 λαμβάνῃ
344 3215 405 3274 τοῦ
422 3211 531 3292 μηνός,
555 3211 686 3275 δώδεκα
701 3213 852 3275 τάλαντα.
891 3210 920 3273 εἰ
935 3210 973 3274 δέ
987 3232 1036 3285 τις
1051 3213 1153 3274 οῖεται

174 3315 294 3399 μικρὰν
317 3312 471 3397 ἀφορμὴν
485 3309 580 3393 εἶναι,
605 3315 789 3397 σιτηρέσιον
803 3322 873 3388 τοῖς
889 3314 1157 3396 στρατευομένοις

176 3418 344 3501 ὑπάρχειν,
368 3416 429 3479 οὐκ
451 3416 561 3499 ὀρθῶς
583 3417 742 3498 ἔγνωκεν·
773 3416 837 3497 ἐγὼ
859 3416 923 3497 γὰρ
945 3412 1021 3479 οῖδα
1044 3426 1157 3498 σαφῶς

176 3521 235 3598 ὅτι,
265 3521 352 3582 τοῦτ
380 3518 422 3581 ἂν
446 3519 590 3598 γένηται,
613 3527 807 3601 προσποριεῖ
831 3517 872 3580 τὰ
893 3514 977 3582 λοίπ’
1010 3517 1092 3582 αὐτὸ
1120 3517 1153 3581 τὸ
