2484 3992
482 226 698 279 PRAEFATIO.

402 785 508 831 auctore
519 779 641 830 Thebani
651 779 743 830 foedus
753 781 847 830 ineunt
859 766 919 829 curn
927 779 1037 830 Atheni·

401 866 518 917 ensibus.

141 959 215 1022 11113
262 960 313 1010 338
366 953 462 1018 Pugna
491 952 524 1002 ad
550 952 733 1002 Chaeroneam
762 951 833 1002 facta
860 953 981 1002 Thebani
1009 968 1037 1003 se

399 1039 500 1089 dedunt
508 1038 645 1105 Philippo,
654 1038 832 1088 Athenienses
844 1028 937 1103 pacem
949 1037 1038 1088 facere
1059 1057 1061 1066 ·

339 1164 341 1199 Ι
399 1131 537 1190 coguntur.
562 1124 670 1174 Civium
680 1125 826 1174 occisorum
839 1126 993 1174 memoriam
1003 1124 1036 1174 D.

339 1204 341 1257 l
399 1211 491 1261 laudat
509 1211 628 1260 oratione
647 1210 758 1260 funebri.

139 1302 214 1361 llus
261 1305 312 1355 337
338 1260 341 1347 i
366 1297 398 1345 D.
416 1297 593 1347 theoricorum
617 1295 774 1362 praefectus.
805 1295 846 1346 Eo
865 1304 973 1346 auctore
991 1313 1036 1362 po·

399 1381 478 1448 pnlns
501 1383 607 1432 moenia
631 1383 704 1432 urbis
731 1380 804 1432 refici
831 1383 905 1433 iubet
927 1385 1037 1448 ipseque

399 1469 468 1533 parti
490 1469 577 1535 operis
601 1467 761 1534 praeficitur.
798 1468 856 1529 Quo
881 1470 909 1518 in
928 1484 1037 1519 munere

398 1555 515 1620 gerendo
533 1556 596 1621 quia
608 1554 656 1604 ille
669 1569 799 1603 summam
811 1554 919 1603 laudem
932 1556 1036 1618 meruit,

399 1639 544 1705 Ctesiphon
573 1641 739 1704 rogat-ionem
762 1639 814 1689 fert
831 1640 864 1689 de
886 1641 1036 1691 coronando

398 1726 585 1776 Demosthene.
604 1726 671 1775 Rem
685 1725 789 1775 inhibet
798 1725 945 1777 Aeschines
955 1729 1035 1777 inter·

398 1814 485 1878 posita
502 1813 702 1862 intercessione.

138 1903 212 1964 111,1
261 1909 311 1957 336
364 1899 505 1963 Philippus
523 1898 605 1963 Aegis
624 1905 747 1962 necatur3
770 1901 799 1948 in
817 1913 899 1964 regno
918 1901 1036 1952 succedit

398 1986 550 2037 Alexander
567 1985 648 2036 filius.

134 2075 212 2137 111,2
260 2080 311 2129 335
363 2073 497 2123 Thebanis
521 2072 715 2123 rebellantibus
733 2070 914 2123 Athenienses
938 2073 1035 2124 Demo·

398 2160 491 2209 sthene
520 2163 548 2208 et
576 2158 700 2226 Lycurgo
731 2159 923 2225 instigantibus
959 2175 1035 2226 opem

397 2244 493 2294 ferunt.
535 2244 624 2305 Quare
649 2243 800 2294 Alexander
827 2244 963 2295 Thebanis
990 2261 1034 2311 op·

398 2333 495 2397 pressis
522 2330 584 2380 illos
608 2331 680 2380 viros
707 2331 741 2381 ab
758 2329 968 2381 Atheniensibus
992 2347 1035 2382 ex-

397 2419 495 2483 poscit3
523 2414 622 2483 populo
645 2429 709 2465 vero
736 2416 889 2481 deprecanti
917 2431 963 2467 rex
990 2433 1036 2468 eos

398 2503 539 2553 condonat.

260 2594 311 2643 331
364 2588 515 2640 Alexander
533 2589 562 2637 in
580 2585 673 2638 Asiam
691 2589 837 2639 exercitum
854 2588 936 2639 ducit.

137 2684 213 2746 1123
261 2681 314 2730 330
364 2678 406 2727 De
423 2676 479 2739 lite,
497 2691 577 2743 quam
595 2674 742 2725 Aeschines
761 2673 930 2739 ctesiphonti
949 2677 1035 2726 inten-

399 2762 482 2824 derat,
496 2775 581 2828 usque
593 2760 680 2811 adhuc
690 2760 774 2810 dilata
786 2762 875 2826 agitur
886 2762 915 2810 in
928 2762 1034 2812 iudicio.

399 2847 588 2898 Demosthenis
597 2842 661 2913 arpi
671 2848 721 2897 τοῦ
730 2843 879 2911 στεφάνου,
892 2846 1034 2898 Aeschinis

400 2931 469 2985 κατὰ
487 2933 688 3000 Κτησιφῶντος
712 2934 852 2982 orationes.
888 2933 1034 2985 Aeschines

400 3022 458 3087 ipse
476 3036 492 3070 a
508 3020 642 3070 iudicibus
654 3019 768 3085 pecunia
780 3018 908 3069 multatus
921 3019 1034 3071 Athenis

401 3106 526 3174 profugit.

135 3196 212 3259 113,4
259 3194 311 3245 324
367 3194 502 3260 Harpalus
519 3194 651 3260 pecuniae
662 3193 752 3257 regiae
770 3196 859 3242 custos
878 3208 939 3242 cnm
956 3209 1034 3258 pecu·

401 3280 505 3330 uiarum
527 3283 602 3346 parte
628 3293 662 3329 ex
678 3276 744 3328 Asia
761 3277 881 3328 Athenas
905 3278 1035 3345 profugit3

400 3364 580 3415 Demosthene
603 3370 710 3416 auctore
727 3369 862 3431 correptus
880 3365 909 3414 in
926 3365 1035 3415 vincula

338 3487 342 3590 Ι
400 3455 441 3504 est
464 3451 612 3515 coniectus,
635 3453 751 3519 pecunia
772 3452 802 3501 in
813 3445 887 3502 'arce
908 3453 1032 3518 reposita.

115 3505 120 3587 l

146 3630 363 3674 obsessurum.
910 3621 927 3670 b
