2484 3992
178 284 220 348 52
452 283 493 350 V.
522 284 878 349 ΔΗΜΟΣΘΕΝΟΥΣ

178 479 339 559 ἄρασθαι,
368 484 495 560 πρῶτος
521 477 578 540 καί
598 477 699 559 μόνος
726 476 901 559 παρελθὼν
923 475 1078 539 ἀπεῖπον
1100 474 1153 537 καί

176 580 281 662 μόνον
303 578 343 643 οὐ
367 581 571 662 διεσπάσθην
592 579 657 643 ύπδ
679 589 747 645 τῶν
767 578 821 644 ἐπὶ
841 588 969 662 μικροῖς
990 578 1153 661 λήμμασιν

175 684 279 747 πολλὰ
305 684 362 748 καί
388 685 499 766 μεγάλ’
527 682 613 766 ύμάς
635 684 834 767 ἁμαρτάνειν
864 684 1065 746 πεισάντων·
1099 683 1153 745 καί

176 787 297 870 χρόνον
320 788 456 871 βραχέος
479 786 677 866 διελθόντος,
700 788 781 870 μετά
802 796 862 850 τοῦ
884 789 1086 870 προσοφλεῖν
1107 787 1151 849 αί-

182 892 304 973 σχύνην
326 890 382 952 καλ
403 894 533 969 παθεῖν,
562 888 616 954 οία
637 898 704 953 τῶν
726 893 832 954 όντων
854 889 1042 972 ἀνθρώπων
1064 887 1152 951 ούδέ-

175 1014 229 1067 νες
261 998 389 1057 πώποτε
422 994 602 1057 πεπόνθασ’
626 992 691 1056 ὑπὸ
723 994 851 1057 τούτων
883 990 932 1067 οἷς
953 990 1150 1073 ἐβοήθησαν,

176 1095 295 1171 πάντες
316 1095 409 1179 ύμεῑς
431 1096 549 1178 ἔγνωτε
569 1096 630 1178 τήν
651 1118 685 1161 τε
707 1106 774 1160 τῶν
795 1097 868 1159 τότε
889 1104 994 1160 ταῦτα
1022 1098 1149 1159 πεισάν-

145 1214 160 1261 σ
174 1221 241 1264 των
255 1200 374 1264 κακίαν
388 1201 444 1264 καί
458 1202 499 1264 τὰ
514 1201 648 1283 βέλτιστ’
665 1201 802 1284 εἰρηκότ’
819 1199 884 1282 ἐμέ.
913 1201 1013 1262 πάλιν
1027 1200 1149 1277 τοίνυν,

178 1301 203 1367 ὦ
226 1305 345 1388 ἄνδρες
363 1301 541 1387 Ἀθηναῖοι,
571 1304 715 1368 κατιδὼν
737 1305 970 1386 Νεοπτόλεμον
991 1304 1049 1367 τὸν
1072 1304 1149 1367 ύπο·

173 1408 287 1490 κριτήν
319 1417 364 1492 τῷ
396 1409 457 1489 μὲν
489 1417 547 1490 τῆς
577 1410 691 1491 τέχνης
723 1408 926 1491 προσχήματι
959 1410 1147 1490 τυγχάνοντ’

174 1511 300 1589 άδείας,
329 1512 415 1574 κακὰ
443 1512 471 1573 δ’
495 1511 712 1595 ἐργαζόμενον
738 1512 780 1574 τὰ
806 1513 941 1594 μέγιστα
963 1511 1024 1592 τήν
1044 1512 1147 1587 πόλιν,

171 1615 212 1678 τὰ
233 1618 309 1698 παρ’
325 1614 419 1698 ὑμῶν
441 1615 629 1678 διοικοῦντα
648 1617 798 1699 Φιλίππῳ
820 1615 876 1678 καί
890 1617 1147 1699 πρυτανεύοντα,

171 1719 347 1801 παρελθὼν
368 1714 462 1783 εἷπον
483 1719 529 1794 είς
550 1719 644 1801 ὑμᾶς,
669 1719 825 1801 οὐδεμιᾶς
847 1720 934 1794 ἰδίας
947 1721 1015 1782 οὔτ’
1033 1719 1149 1802 έχθρας

173 1827 249 1886 οὔτε
284 1824 505 1906 συκοφαντίας
537 1821 647 1900 ἕνεκα,
688 1820 732 1897 ὡς
768 1820 804 1884 ἐκ
841 1830 908 1884 τῶν
939 1822 1021 1902 μετὰ
1054 1824 1146 1886 ταῦτ’
1221 1872 1222 1907 ,

141 1926 275 2010 σέργοτν
302 1927 437 2009 γέγονεν
467 1925 576 2005 δήλου.
622 1925 678 1987 καλ
706 1924 811 1988 οὐκέτ’
834 1923 871 1987 ἐν
897 1927 1027 1999 τούτοις
1050 1925 1145 1988 αἰτιά-
1221 1974 1222 2013 ρ

170 2045 269 2109 σομαι
291 2028 369 2104 τοὺς
390 2026 473 2111 ὑπὲρ
487 2029 720 2109 Νεοπτολέμου
742 2028 896 2109 λέγοντας
918 2026 1011 2108 (οὐδὲ
1026 2026 1072 2103 είς
1086 2028 1146 2109 γὰρ
1221 2020 1222 2037 ³

170 2128 236 2212 ήυ),
266 2131 332 2194 ἀλλ’
356 2131 477 2206 αὐτοὺς
504 2130 605 2213 ὑμᾶς·
640 2131 669 2193 εί
690 2131 753 2214 γάρ
775 2129 812 2193 ἐν
834 2131 1006 2193 Διονύσου
1028 2152 1144 2215 τραγφ
1221 2172 1222 2193 ι

173 2236 254 2311 δοὺς
286 2234 442 2315 ἐθεᾶσθε,
477 2235 558 2298 ἀλλὰ
590 2234 634 2318 μή
664 2236 739 2318 περὶ
767 2236 929 2319 σωτηρίας
949 2235 1006 2298 καλ
1027 2243 1146 2299 κοινῶν
1221 2250 1222 2253 ’

171 2340 372 2421 πραγμάτων
399 2334 441 2419 ήυ
464 2337 482 2401 ὁ
503 2339 615 2421 λόγος,
645 2337 708 2401 οὐκ
730 2336 773 2400 ἂν
795 2338 900 2413 οὕτως
924 2339 993 2401 οὔτ’
1018 2335 1144 2401 ἐκείνου
1221 2324 1222 2363 ³

139 2443 248 2526 σπρδς
261 2444 357 2525 χάριν
372 2442 439 2505 οὔτ’
455 2441 538 2525 ἐμοῦ
552 2441 634 2524 πρὸς
649 2441 826 2524 ἀπέχθειαν
840 2440 1012 2523 ήκούσατε.
1041 2443 1146 2505 καίτοι
1221 2444 1222 2513 ᾗ

169 2549 268 2611 τοῦτό
290 2550 319 2630 γ’
336 2545 421 2629 ύμάς
443 2542 534 2629 οἶμαι
554 2555 619 2609 νῦν
641 2546 787 2621 ἅπαντας
808 2543 991 2630 ᾐσθῆσθαι,
1015 2546 1065 2609 ὅτι
1087 2546 1146 2628 τήν

170 2648 233 2715 τότ’
258 2649 370 2733 ἄφιξιν
397 2650 444 2725 είς
471 2650 550 2724 τοὺς
575 2649 750 2732 πολεμίους
778 2648 951 2730 ἐποιήσαθ’
973 2649 1058 2732 ὑπέρ
1086 2659 1144 2712 τοῦ
1221 2644 1222 2647 '

169 2754 264 2818 τάκεῖ
282 2752 416 2836 χρήματ’
434 2750 626 2835 ὀφειλόμεν’,
651 2750 694 2826 ὡς
716 2752 789 2834 ἐφη,
812 2753 949 2834 κομίσας
971 2752 1072 2836 δεῦρο
1096 2757 1146 2835 λη-

167 2865 334 2939 τονργεῑν·
367 2855 423 2918 καὶ
448 2857 556 2940 τούτιμ
583 2855 742 2940 τῷλόγῳ
768 2856 908 2941 πλείστῳ
934 2858 1145 2937 χρησάμενος,

168 2960 212 3036 ὡς
244 2960 355 3024 δεινὸν
387 2963 419 3023 εί
442 2966 491 3035 τις
524 2957 653 3041 ἐγκαλεῖ
683 2968 751 3032 τοῖς
783 2958 910 3023 ἐκεῖθεν
935 2958 1058 3023 ἐνθάδε
1088 2959 1146 3035 τδις

167 3064 321 3147 εὐπορίας
352 3066 508 3146 άγονσιν,
542 3061 655 3143 ἐπειδή
684 3062 741 3125 διὰ
772 3062 833 3143 τήν
865 3062 1000 3146 εἰρήνην
1033 3063 1146 3138 άδείας

167 3168 292 3250 ἔτυχεν,
320 3169 363 3249 ἣν
385 3167 498 3232 ἐνθάδ’
520 3166 661 3247 ἐκέκτητ’
685 3165 805 3228 οὐσίαν
827 3168 991 3250 φανεράν,
1019 3169 1144 3250 ταύτην

138 3268 381 3353 9ἐξαργυρίσας
407 3270 489 3354 πρὸς
511 3269 638 3333 ἐκεῖνον
661 3269 798 3351 άπάγωυ
825 3273 954 3352 οίχεται.
999 3270 1062 3333 δύο
1085 3272 1144 3353 μέν

166 3373 207 3455 δή
241 3377 338 3436 ταῦθ’
363 3372 409 3436 ὧν
440 3381 600 3456 προεῖπον
632 3370 695 3453 ἐγὼ
729 3381 890 3455 μαρτυρεῖ
919 3381 987 3448 τοῖς
1013 3394 1141 3455 γεγενη-

166 3477 275 3556 μέυοις
296 3475 405 3554 λόγοις
428 3473 536 3556 ὀρθῶς
564 3475 621 3535 καὶ
643 3473 793 3552 δικαίως,
821 3473 875 3535 οἷά
897 3494 958 3557 περ
979 3469 1036 3555 ήν,
1066 3476 1140 3537 άπο-

166 3576 331 3657 φανθένθ’
361 3572 414 3636 ὑπ’
445 3575 541 3655 ἐμοῦ·
578 3575 615 3637 τὸ
645 3575 755 3656 τρίτον
783 3577 828 3653 δ’,
863 3572 1029 3658 ὦάνδρες
1048 3573 1138 3658 Ἀθη-
