2484 3992
170 225 212 293 56
453 227 495 291 V.
520 229 878 290 ΛΗΜΟΣΘΕΝΟῬΣ

168 424 337 500 περιεῖναι.
382 425 485 479 ταῦτα
520 417 549 479 δ’
579 416 642 479 οὐκ
674 414 863 498 ἐβούλοντο,
898 417 978 481 ἀλλὰ
1008 428 1053 501 τῷ
1089 418 1155 481 τὸν

166 518 367 605 Ὀρχομενὸν
403 520 459 583 καλ
491 519 551 602 τὴν
582 521 777 605 Κορώνειαν
812 522 925 603 λαβεῖν
961 521 1153 604 ἐπιθυμεῖν,

126 624 212 708 ῖῖμη
236 625 403 688 δύνασθαι
425 625 472 704 δέ,
494 626 602 688 πάντα
622 626 726 687 ταῦθ’
748 623 935 706 ὑπέμειναν.
984 628 1155 689 Φίλιππον

168 730 283 791 τοίνυν
304 727 389 801 τινὲς
410 727 471 810 μέν
493 726 599 808 δήπου
615 729 757 809 τολμῶσι
770 729 885 809 λέγειν,
909 727 952 803 ὡς
967 729 1038 792 οὐδ’
1056 729 1153 810 έβού·

169 834 242 895 λετο
261 831 417 913 Θηβαίοις
429 826 620 914 Ὀρχομενὸν
642 830 698 892 καὶ
712 831 905 913 Κορώνειαν
925 833 1153 915 παραδοῦναι,

171 933 238 997 ἀλλ’
255 933 464 1017 ἠναγκάσθη·
487 932 551 1016 ἐγὼ
574 933 610 997 δέ
632 935 761 1008 τούτοις
783 933 843 1016 μὲν
864 933 1033 1018 ἐρρῶσθαι
1056 936 1153 1018 λέγω,

169 1037 274 1101 ἐκεῖνο
297 1037 326 1100 δ’
349 1032 421 1117 οἷδ’,
445 1037 558 1100 ὅτιού
580 1037 703 1118 μάλλόν
724 1059 761 1118 με
784 1036 872 1100 ταῦτ’
897 1037 980 1118 ἔμελ’
1005 1039 1109 1122 αὐτῷ,
1132 1037 1152 1118 ἢ

168 1142 227 1216 τὰς
258 1140 426 1223 παρόδους
457 1141 569 1221 λαβεῖν
601 1138 657 1201 καὶ
685 1138 746 1220 τὴν
778 1138 878 1216 δόξαν
910 1149 970 1202 τοῦ
1003 1142 1153 1222 πολέμου

169 1253 229 1307 τοῦ
253 1244 363 1306 δοκεῖν
385 1244 426 1306 δι’
450 1242 552 1305 αὑτὸν
572 1243 682 1325 κρίσιν
702 1242 869 1325 εἰληφέναι
891 1244 947 1305 καὶ
969 1242 1010 1305 τά
1034 1246 1153 1307 Πύθια
1228 1246 1229 1249 ’

170 1352 282 1412 θεῖναι
303 1346 346 1409 δι’
371 1346 486 1425 αὑτοῦ,
508 1346 564 1408 καὶ
586 1348 675 1409 ταῦτ’
697 1341 749 1426 ην,
778 1344 826 1409 ὧν
847 1348 972 1427 μάλιστ’
996 1345 1152 1429 ἐγλίχετο.
1228 1380 1229 1385 1

126 1467 159 1514 23
173 1450 327 1512 Θετταλοὶ
350 1450 387 1511 δέ
408 1444 435 1530 γ’
461 1447 604 1531 οὐδέτερ’
628 1447 803 1529 ἐβούλοντο
825 1450 962 1528 τούτων,
985 1451 1062 1511 οὔτε
1088 1452 1151 1532 Θη·
1228 1472 1229 1529 ,

170 1552 284 1634 βαίσυς
314 1554 389 1614 οὔτε
416 1550 474 1614 τὸν
498 1553 660 1615 Φίλιππον
693 1551 796 1632 μέγαν
827 1552 999 1634 γίγνεσθαι
1033 1552 1152 1632 (ταῦτα
1228 1544 1229 1623 λ

168 1656 232 1739 γάρ
264 1656 365 1718 πάντ’
399 1654 450 1739 ἐφ’
484 1653 624 1729 ἑαυτοὺς
654 1653 821 1735 ἡγοῦντο),
854 1663 911 1737 της
943 1655 1086 1730 πυλαίας
1118 1651 1147 1717 δ
1228 1648 1229 1651 '

173 1759 365 1841 ἐπεθύμουν
380 1759 435 1821 καῖ
449 1765 515 1821 τῶν
526 1756 562 1821 ἐν
573 1760 725 1841 Δελφοῖς,
741 1760 1028 1840 πλεονεκτημάτων
1042 1758 1149 1837 δυοῖν,

170 1864 281 1945 κύριοι
303 1863 472 1944 γενέσθαι·
495 1869 540 1946 τῶ
563 1861 600 1924 δέ
629 1862 756 1925 τούτων
777 1861 944 1943 γλίχεσθαι
972 1862 1050 1925 τάδε
1073 1879 1149 1943 συμ-

171 1962 384 2047 κατέπραξαν.
408 1973 474 2027 τῶν
489 1965 603 2027 τοίνυν
625 1963 720 2027 ἰδίων
734 1959 827 2045 εἵνεχ’
845 1963 994 2045 εὑρήσεθ’
1011 1962 1149 2027 ἕκαστον

173 2069 277 2132 πολλὰ
298 2068 507 2151 προηγμένον
531 2066 577 2129 ὧν
600 2065 701 2130 οὐδὲν
722 2066 872 2149 ἐβούλετο
887 2063 1016 2151 πρᾶξαι.
1050 2077 1147 2131 τοῦτο

172 2173 291 2255 μέντοι,
313 2173 400 2234 τοῦτ’
424 2170 511 2233 ἔστιν
526 2170 709 2252 φυλακτέον
727 2169 815 2251 ἡμῖν.

125 2292 159 2340 24
274 2278 326 2359 ,Τ
323 2275 345 2337 δι
381 2273 569 2355 κελευόμεν’
598 2273 683 2354 ἡμᾶς
711 2275 777 2357 άρα
815 2272 868 2335 δεῖ
904 2282 1011 2337 ποιεῖν
1043 2283 1144 2337 ταῦτα

170 2381 412 2465 φοβουμένους·
446 2378 502 2442 καί
537 2379 577 2440 σὺ
610 2387 715 2440 ταῦτα
747 2376 923 2459 κελεύειςβι
956 2381 1076 2441 πολλοῦ
1107 2401 1143 2461 με

169 2484 225 2548 καλ
259 2484 333 2548 δέω.
390 2483 457 2546 ἀλλ’
492 2480 536 2558 ὡς
569 2482 645 2545 οὔτε
676 2478 841 2565 πράξομεν
879 2477 981 2545 οὐδὲν
1014 2479 1141 2558 ἀνάξιον

169 2590 263 2671 ἡμῶν
291 2587 401 2650 αὐτῶν
428 2588 503 2650 οὔτ’
534 2584 624 2649 ἐσται
649 2585 802 2666 πόλεμος,
835 2588 921 2648 νοῦν
947 2584 984 2647 δέ
1012 2583 1140 2667 δόξομεν

169 2701 270 2755 πᾶσιν
292 2692 375 2772 ἔχειν
402 2690 458 2752 καλ
485 2690 526 2753 τά
549 2689 661 2753 δίκαια
688 2689 808 2770 λέγειν,
838 2691 930 2752 τοῦτ’
958 2684 1050 2770 οἶμαι
1075 2689 1140 2753 δεῖν

169 2804 286 2859 ποιεῖν.
343 2795 426 2877 πρὸς
467 2794 504 2857 δὲ
536 2796 614 2868 τοὺς
648 2792 797 2874 θρασέως
830 2793 943 2856 ὁτιοῦν
976 2793 1139 2874 οἰομένους

170 2899 344 2981 ὑπομεῖναι
372 2898 443 2960 δεῖν
470 2896 526 2959 καὶ
553 2896 596 2978 μη
624 2896 877 2978 προορωμένους
903 2896 962 2958 τὸν
994 2897 1137 2977 πόλεμον,
1228 2942 1229 2975 ,

169 3001 278 3066 ἐκεῖνα
300 3002 461 3084 βούλομαι
488 3000 692 3080 λογίσασθαι.
737 2997 829 3079 ἡμεῖς
859 2998 1024 3079 Θηβαίους
1045 2997 1137 3080 ἐῶμεν
1228 2986 1229 2989 “

170 3105 253 3187 ἔχειν
273 3101 437 3186 Ὠρωπόν·
461 3102 516 3165 καλ
531 3105 563 3165 εί
574 3122 623 3175 τις
645 3100 747 3182 ἔροιθ’
762 3100 847 3182 ἡμᾶς
868 3103 1024 3176 κελεύσας
1044 3102 1136 3166 εἰπεῖν

125 3209 304 3288 εστάληθη,
328 3207 384 3270 διὰ
406 3207 454 3286 τί,·
476 3204 531 3267 ἵνα
552 3204 595 3286 μη
618 3206 824 3286 πολεμῶμεν,
853 3214 975 3287 φαῖμεν
997 3207 1047 3268 άν.
1086 3207 1136 3268 καί

171 3312 322 3394 Φιλίππῳ
343 3310 420 3374 νυνὶ
441 3309 524 3372 κατὰ
542 3308 711 3390 συνθήκας
722 3304 943 3393 Ἀμφιπόλεως
963 3330 1134 3393 παρακεχω

171 3415 315 3497 ρηκαμευ
347 3413 403 3475 καῖ
429 3412 642 3494 Καρδιανοὺς
676 3410 779 3494 ἐῶμεν
812 3411 871 3489 ἔξω
901 3415 1135 3494 Χερρονησιτῶν
1228 3446 1229 3449 ¹

170 3526 236 3579 τῶν
259 3517 365 3579 ἄλλων
386 3515 548 3595 τετάχθαι,
571 3513 627 3576 καὶ
646 3514 704 3577 τὸν
717 3516 814 3597 Κάρα
836 3515 894 3589 τὰς
914 3515 1040 3595 νήσους
1052 3537 1134 3578 κατα·
