2484 3992
158 235 199 299 70
457 235 531 301 Vll.
554 236 912 299 ΔΗΜΟΣΘΕΝΟῬΣ

157 427 336 491 sissimum.
361 423 467 506 Quem
485 425 532 490 ibi
546 427 684 490 retineri
703 447 770 490 non
782 426 943 508 ignorans
954 424 1138 510 Diopithes

157 529 321 596 militibus
343 528 500 596 mercede
529 528 707 594 conductis
737 528 948 613 navibusque
971 551 1015 593 ex
1037 529 1139 593 mari·

156 634 245 700 timis
280 632 414 698 illarum
442 633 615 716 regionum
645 631 842 697 civitatibus
872 631 1025 698 collectis
1060 654 1138 696 eam

156 736 267 802 litoris
279 735 414 802 Thracii
430 745 571 822 partem,
587 758 675 823 quae
690 735 752 801 sub
765 735 989 801 Macedonum
1002 735 1137 800 dicione

157 849 241 922 erat,
266 838 486 926 depopulatus
504 847 565 921 est,
590 838 714 925 oppida
730 839 896 925 quaedam
912 841 1136 925 expugnavit,

157 942 287 1008 incolas
311 945 345 1008 in
370 944 568 1008 servitutem
583 941 743 1027 abripuit.
775 941 870 1023 Quae
885 942 943 1008 ubi
958 942 1137 1029 Philippus

156 1048 288 1130 resciit,
322 1067 425 1130 aegre
459 1045 570 1111 ferens
599 1045 777 1132 epistulam
811 1048 976 1111 minarum
999 1045 1139 1132 plenam

155 1150 309 1218 Athenas
332 1151 439 1215 misit:
462 1149 528 1214 nisi
553 1148 618 1215 sibi
634 1149 882 1215 satisfecissent
897 1148 1137 1234 Athenienses,

155 1256 264 1341 ipsum
297 1277 372 1319 sese
405 1255 439 1319 in
467 1251 712 1318 Chersonesum
746 1261 923 1318 venturum
957 1255 1139 1339 sociosque

154 1359 316 1424 tuiturum
339 1355 539 1422 Gordianos·
584 1355 631 1421 Et
660 1379 782 1421 novum
809 1355 867 1422 ille
890 1380 909 1422 e
930 1356 1140 1423 Macedonia

156 1472 189 1526 et
205 1460 385 1525 Thessalia
410 1462 597 1525 exercitum
621 1470 822 1546 exspectare
845 1462 978 1547 iamque
1000 1461 1137 1547 Byzan·

155 1567 240 1630 tium
273 1572 389 1649 petere
425 1563 613 1630 dicebatur.
671 1563 766 1646 Quae
802 1587 858 1629 res
894 1565 939 1630 ad
976 1566 1139 1652 populum

154 1668 265 1733 relata
282 1677 332 1733 est
349 1669 487 1733 ineunte
501 1678 539 1733 ut
554 1667 690 1734 videtur
705 1691 794 1734 anno
811 1667 884 1731 341.
908 1668 992 1734 Turn
1008 1671 1137 1735 civium

153 1771 327 1858 permulti,
362 1772 419 1857 qui
442 1770 495 1836 vel
517 1771 664 1857 Philippi
692 1771 919 1859 sequebantur
940 1784 1057 1858 partes
1080 1773 1138 1839 vel

153 1875 279 1941 bellum
303 1898 379 1941 cum
401 1875 625 1941 Macedonum
647 1897 727 1960 rege
750 1876 1029 1961 extimescebam,
1054 1877 1137 1943 Dio·

155 1978 281 2064 pithem
315 1977 441 2043 bellum
475 1979 621 2045 conflare
659 1978 899 2062 clamitabant,
936 1982 1070 2047 crimini
1103 1984 1137 2047 ei

154 2081 299 2161 dabant,
338 2082 428 2168 quod
461 2082 587 2148 milites
622 2104 700 2148 suos
735 2082 841 2149 aleret
875 2083 1067 2151 latrociniis
1101 2095 1136 2150 et

154 2186 449 2273 praedationibus,
484 2187 674 2254 suadebant
697 2210 764 2253 non
789 2188 912 2272 solum,
936 2199 974 2254 ut
997 2210 1136 2254 revoca·

153 2300 246 2358 retur
260 2290 451 2377 Diopithes,
473 2313 590 2356 verum
614 2293 717 2357 etiam
738 2301 776 2356 ut
797 2291 899 2357 aliurn
917 2292 1037 2358 ducem
1058 2315 1136 2359 cum

155 2397 309 2462 exercitu
326 2395 475 2461 mitteret
491 2394 644 2481 populus,
668 2397 725 2480 qui
739 2394 935 2481 Diopithem
951 2405 1135 2461 coerceret.

155 2498 285 2580 Quibus
310 2499 461 2564 consiliis
478 2499 611 2564 obstitit
627 2498 871 2564 Demosthenes
896 2499 1050 2565 oratione
1074 2522 1136 2565 sua

154 2603 245 2685 περὶ
276 2611 355 2667 τῶν
387 2603 430 2667 ἐν
462 2607 706 2688 Χερρονήσῳ
734 2600 906 2687 Diopithis
939 2602 1034 2668 facta
1066 2624 1135 2666 nou

155 2705 312 2788 laudans,
336 2715 371 2770 at
395 2705 637 2792 rempublicam
659 2705 750 2771 haud
772 2704 873 2770 facile
896 2727 1014 2771 carere
1036 2727 1136 2791 posse

156 2808 214 2874 illo
239 2808 324 2874 duce
347 2811 485 2896 eiusque
508 2811 661 2876 exercitu
682 2809 848 2896 probans,
879 2809 979 2895 idque
1002 2807 1135 2874 civibus

155 2914 365 2999 persuasisse
387 2913 531 2979 videtur.

253 3119 341 3182 Ἔδει
368 3121 443 3200 μέν,
472 3114 498 3180 ὦ
527 3119 643 3201 ἄνδρες
662 3115 850 3201 Ἀθηναῖοι,
878 3120 955 3194 τοὺς
982 3119 1135 3201 λέγοντας

157 3221 304 3298 limmat*
330 3223 410 3304 μήτε
436 3222 517 3305 πρὸς
545 3221 668 3304 ἔχθραν
695 3226 862 3286 ποιεῖσθαι
889 3222 989 3303 λόγον
1010 3222 1135 3305 μηδένα
1232 3220 1233 3245 ¹

157 3323 339 3407 μήτεπρὸς
370 3327 481 3409 χάριν,
516 3321 581 3387 ἀλλ’
611 3324 631 3386 ὃ
657 3326 823 3406 βέλτιστον
852 3322 988 3400 ἕκαστος
1014 3325 1134 3407 ἡγεῖτο,
1231 3362 1232 3377 2

157 3430 245 3491 τοῦτ’
259 3427 515 3510 ἀποφαίνεσθαι,
532 3430 637 3503 ἄλλως
647 3450 681 3492 τε
697 3428 753 3491 καὶ
767 3427 976 3512 acclamabo
989 3431 1133 3512 upuppa-
1231 3470 1232 3499 ,

158 3553 225 3595 των
247 3530 303 3594 καὶ
325 3530 475 3611 μεγάλων
496 3531 590 3612 ὑμῶν
610 3532 874 3613 βουλευομένων·
908 3530 979 3596 ἐπεὶ
1000 3529 1030 3594 d'
1054 3531 1133 3596 ἔνιοι
1230 3522 1231 3531 ’
