2484 3992
180 272 230 335 ‘82
346 283 350 286 ⁴
371 332 374 338 .
424 272 500 338 VII.
523 275 882 337 ΔΗΜΟΣΘΕΝΟΤΣ

174 461 256 525 ἀλλὰ
288 461 345 525 καί
376 464 477 526 πάλαι
510 462 732 545 παρελήλυθε,
766 461 827 544 τήν
859 460 896 524 δὲ
922 468 989 524 τῶν
1021 461 1157 524 δούλων

174 565 372 649 ἀπεύχεσθαι
395 567 504 648 δήπου
525 566 569 649 μή
591 567 746 649 γενέσθαι
769 568 827 630 δεῖ.
873 566 1023 650 διαφέρει
1045 566 1083 629 δὲ
1106 566 1156 646 τί,·

172 671 223 734 δτι
250 670 338 734 έστίν
361 671 521 755 ε’λευθέρφ
544 671 604 751 μέν
626 670 792 756 ἀνθράπφ
819 674 951 752 μεγίστη
980 669 1109 752 ἀνάγκη
1133 668 1154 749 ἡ

170 776 320 858 περὶτῶν
330 775 532 857 γιγνομένων
545 774 691 856 αἰσχύνη,
704 774 760 835 καὶ
771 776 866 855 μείζω
880 775 1001 856 ταύτης
1012 774 1075 836 οὐκ
1087 768 1153 835 οἷδ’

173 878 274 959 ἥντιν’
298 878 339 942 ἀν
361 881 521 959 εἴποιμεν·
545 877 656 961 δούλω
677 877 713 939 δὲ
728 877 849 958 πληγαὶ
863 879 920 940 καί
934 877 952 939 ὁ
967 881 1026 940 τοῦ
1043 881 1154 958 σώμα-

172 1003 228 1056 τος
249 981 407 1063 αἰκισμός,
431 982 452 1042 δι
474 979 554 1061 μήτε
577 980 693 1060 γένοιτ’
717 982 794 1041 οὔτε
815 981 921 1061 λέγειν
942 978 1043 1055 ἀξιον.

130 1099 163 1147 σε
257 1085 374 1147 Πάντα
395 1084 510 1147 τοίνυν
530 1085 616 1147 πάλλ’
641 1081 743 1144 εἰπὼν
766 1081 808 1146 ἀν
828 1081 941 1164 ήδέως,
964 1083 1020 1144 καί
1042 1081 1154 1158 δείξας

175 1187 214 1251 ὃν
235 1189 358 1270 τρόπον
381 1186 466 1269 ὑμᾶς
488 1187 567 1250 ἔνιοι
592 1186 912 1264 καταπολιτεύονται,
935 1185 1057 1267 τὰμὲν
1080 1188 1152 1247 ἀλλ’

173 1290 275 1354 έάσω·
310 1290 376 1353 ἀλλ’
407 1289 541 1352 ἐπειδάν
562 1311 593 1351 τι
622 1297 690 1351 τῶν
717 1287 798 1371 πρὸς
829 1290 991 1351 Φίλιππον
1015 1287 1153 1371 έμπέση,

174 1395 278 1469 εὐθύς
311 1394 453 1468 ἀναστάς
480 1417 529 1467 τις
556 1394 642 1475 λέγει
669 1393 705 1455 τὸ
733 1392 794 1473 την
821 1392 954 1475 εἰρήνην
987 1396 1081 1475 άγειν
1112 1392 1155 1468 ὡς

178 1498 323 1579 ἀγαθόν,
351 1498 407 1560 καὶ
435 1497 471 1559 τὸ
498 1497 632 1581 τρέφειν
659 1497 803 1576 δύναμιν
833 1498 977 1578 μεγάλην
1000 1494 1044 1571 ὡς
1064 1501 1154 1580 χαλε·
1232 1500 1233 1503 ’

166 1603 247 1681 πόν,
273 1603 329 1666 καί
353 1603 564 1687 ,διαρπάζειν
585 1602 671 1676 τινὲς
699 1601 739 1663 τὰ
761 1601 911 1684 χρήματα
941 1600 1154 1682 βούλονταά,
1232 1638 1233 1695 3

175 1707 231 1771 καί
252 1707 423 1780 τοιούτους
443 1708 571 1788 λόγους,
595 1703 628 1780 ἐξ
651 1704 698 1768 ὧν
720 1704 945 1784 ἀναβάλλουσι
966 1703 1035 1786 [μέν
1056 1705 1153 1787 ὑμᾶς,
1232 1728 1233 1781 3

173 1809 316 1893 ἡσυχίαν
342 1810 379 1873 δὲ
407 1818 559 1872 ποιοῦσιν
582 1809 695 1893 έκείνφ
722 1811 875 1891 πράττειν
897 1809 969 1871 ὅτι
989 1809 1153 1890 βούλεται.
1232 1858 1233 1893 ,

66 1998 67 2003 ¹
132 1929 165 1978 53
176 1914 212 1976 ἐκ
235 1913 271 1977 δὲ
293 1915 421 1977 τούτων
441 1915 660 1996 περιγίγνεται
682 1911 762 1994 ὑμῖν
783 1912 885 1995 μὲνὴ
910 1913 1008 1995 σχολὴ
1037 1914 1095 1976 καί
1117 1914 1153 1976 τὸ

168 2017 270 2099 μηδὲν
288 2017 355 2099 ,ήδη
377 2027 494 2096 ποιεῖν,
522 2017 543 2078 ἀ
567 2016 686 2099 δέδοιχ’
716 2017 803 2091 ὅπως
825 2015 869 2097 μή
891 2018 970 2079 ποθ’
992 2015 1153 2098 ἡγήσεσθ’
1232 2048 1233 2111 γ

176 2120 228 2182 ἰπί
249 2122 356 2205 πολλςῖ
379 2124 585 2202 γεγενῆσθαι,
614 2123 745 2194 τούτοις
771 2120 799 2181 δ’
829 2120 864 2181 αἱ
889 2121 1018 2203 χάριτες
1050 2121 1108 2182 καί
1136 2120 1154 2182 ὁ
1232 2122 1233 2135 ³

176 2223 294 2305 μισθὸς
322 2223 341 2285 ὁ
367 2225 504 2288 τούτων.
548 2221 612 2304 ἐγὼ
635 2224 664 2286 δ’
694 2226 805 2304 οἴομαι
832 2223 892 2304 τήν
924 2224 986 2304 μὲν
1018 2223 1155 2306 εἰρήνην

176 2331 269 2410 ἀγειν
284 2327 344 2410 οὐχ
358 2327 445 2409 ύμάς
459 2328 530 2390 δεῖν
545 2327 685 2405 πείθειν,
709 2328 743 2388 οἳ
761 2327 969 2408 πεπεισμένοι
990 2329 1154 2410 κάθησθε,

176 2432 255 2496 ἀλλὰ
276 2431 335 2495 τὸν
356 2432 396 2492 τδι
418 2434 478 2494 τού
500 2431 645 2511 πολέμου
667 2432 865 2513 πράττοντα·
890 2431 1009 2515 ἀνγάρ
1030 2431 1155 2506 ἐκεῖνος

131 2540 308 2618 σεπεισθή,
341 2537 381 2598 τά
409 2537 438 2616 γ’
466 2533 522 2616 ἀφ’
545 2532 640 2615 ὑμῶν
669 2533 818 2617 ὑπάρχει·
852 2535 993 2616 νομίζειν
1015 2536 1045 2597 δ’
1070 2532 1154 2599 εἰναι

175 2642 307 2722 χαλεπά,
331 2639 390 2720 οὐχ
413 2640 461 2701 δυ’
483 2631 526 2702 άν
547 2639 593 2713 εἰς
616 2639 779 2721 σωτηρίαν
802 2640 1009 2720 δαπανῶμεν,
1040 2639 1110 2701 ἀλλ’
1133 2641 1153 2700 δι

175 2743 374 2824 πεισόμεθα,
406 2735 450 2805 άν
486 2746 590 2806 ταῦτα
616 2742 659 2823 μή
690 2744 839 2824 θέλωμεν
866 2748 987 2805 ποιεῖν·
1028 2745 1086 2805 καί
1116 2744 1152 2806 τὸ

175 2846 476 2930 ,διαρπασθήσεται
496 2847 538 2909 τὰ
559 2843 726 2929 χρήματά(
750 2854 795 2929 τῷ
818 2845 969 2928 φυλακην
991 2846 1096 2909 εἰπεῖν
1112 2846 1151 2908 δι’

174 2948 213 3032 ής
248 2952 431 3031 σωθήσεται
465 2950 614 3028 κωλύειν,
649 2950 721 3030 ούχί
753 2959 798 3033 τῷ
830 2953 889 3012 τού
929 2950 1154 3033 συμφέροντος

134 3055 367 3136 σσάφεστάναι.
413 3055 519 3116 καίτοι
543 3053 635 3135 ἔγωγ’
660 3053 832 3134 ἀγανακτῶ
860 3055 916 3116 καί
940 3053 1020 3116 αὐτὸ
1042 3058 1152 3135 τοῦτο,

176 3152 202 3218 ὦ
225 3157 342 3240 ἀνδρες
361 3152 548 3239 Ἀθηναῖοι,
576 3156 605 3218 εἰ
626 3156 667 3218 τδι
690 3156 751 3237 μὲν
770 3156 919 3239 χρήματα
940 3160 1037 3218 λυπεῖ
1061 3178 1153 3229 τινας

175 3259 269 3340 ύμάνν
290 3261 320 3322 εἰ
343 3259 633 3343 διαρπασθήσεται,
657 3260 678 3320 οἳ
700 3259 756 3322 καί
778 3261 953 3341 φυλάττειν
980 3260 1038 3321 καὶ
1059 3262 1151 3322 κολά·

177 3363 241 3440 ζειν
263 3364 340 3437 τοὺς
363 3363 559 3438 ἀδικοῦντας
581 3360 630 3444 ἐφ’
654 3361 734 3444 ύμῖν
762 3361 844 3442 ἐστι,
875 3363 935 3444 τὴν
963 3363 992 3425 δ’
1009 3357 1151 3425 Ἑλλάδα

174 3470 286 3529 πάσαν
300 3467 421 3529 ούτωσί
438 3470 597 3542 Φίλιππος
612 3466 726 3550 ἐφεξῆς
741 3467 894 3551 ἁρπάζων
907 3466 948 3529 ού
968 3469 1073 3548 λυπεῖ,
1096 3467 1150 3530 καί

176 3573 264 3633 ταῦτ’
289 3568 338 3652 ἐφ’
362 3569 447 3651 ὑμᾶς
470 3571 630 3654 ἁρπάζων.
