2484 3992
452 246 694 315 APPENDIX.
1005 248 1066 312 113

83 443 154 498 νεῖν
168 433 261 509 τινδις
276 432 365 518 αὑτῶ
378 441 444 497 τῶν
456 435 699 517 συμπρέσβεων.
727 433 919 518 ὑπῃνίττετο
935 433 963 498 δ’
979 437 1066 500 οὑτω

82 537 143 599 καλ
161 536 351 620 παρεδήλου
366 537 425 600 τὸν
439 533 600 620 Ὠρωπόν.
625 536 809 620 εὐδοκιμῶν
824 539 852 601 δ’
869 536 921 601 ἐπί
935 541 1066 615 τούτοις

82 641 218 716 είιιύτως
239 640 294 703 καί
317 641 426 704 δοκῶν
448 640 503 703 καί
526 639 636 724 ῥήτωρ
659 643 789 725 ἀριστος
811 637 896 705 είναι
911 642 966 705 καί
983 641 1067 725 ἀνὴρ

82 744 286 827 θαυμαστός,
309 744 428 826 κατέβη
452 745 538 826 μάλα
562 753 695 826 σεμνῶς.

184 843 331 911 Ἀκούειν
351 848 469 910 τοίνυν
484 845 546 928 ἐγὼ
561 849 742 929 τηλικαῦτα
758 848 813 910 καί
827 850 952 911 τοιαῦτ’
968 846 1092 929 ἐπαγ-τ

82 951 282 1033 γελλομένου
304 951 436 1031 τούτου,
459 951 516 1014 καί
539 950 682 1034 ἀκριβῶς
704 951 799 1026 εἰδὼς
822 952 871 1014 ὅτι
895 951 1061 1029 ψεύδεται,

83 1092 127 1101 -
150 1056 206 1120 καί
225 1056 314 1136 ὅθεν,
338 1057 455 1139 φράσοι
476 1054 557 1139 πρὸς
579 1054 675 1139 ὑμᾶς,
698 1065 829 1139 πρῶτον
850 1056 912 1137 μὲν
933 1054 970 1119 έκ
991 1059 1064 1134 τοὺ,

85 1161 138 1224 ὅτε
160 1160 239 1234 τοὺς
263 1159 382 1243 ὅρκους
403 1159 512 1241 ἔμελλε
538 1159 699 1234 Φίλιππος
726 1159 868 1241 ὀμνύναι
894 1161 972 1233 τοὺς
993 1159 1067 1243 περὶ

82 1272 141 1346 τῆς
152 1263 292 1347 εἰρήνης,
304 1262 507 1337 ἐκσπόνδους
519 1261 756 1346 ἀποφανθῆναι
767 1263 845 1337 τοὺς
854 1262 990 1337 Φωκέας
1000 1261 1066 1325 ὑπὸ

83 1369 228 1445 τούτων,
259 1367 428 1430 ὃσιοιπιῖν
449 1368 505 1430 καί
528 1364 587 1430 έιῖν
610 1365 696 1442 είκδς
724 1362 782 1447 ήν,
816 1368 906 1449 εἴπερ
933 1366 1066 1447 ἔμελλον

86 1469 260 1556 σῴζεσθαι·
284 1469 380 1533 ἔπειτ’
404 1468 440 1533 έκ
462 1479 521 1533 τοῦ
544 1469 587 1552 μή
610 1471 689 1545 τοὺς
710 1471 799 1554 παρὰ
821 1473 882 1534 τοὺ
900 1470 1065 1533 Φιλίππου

84 1576 236 1657 πρέσβεις
247 1583 351 1637 ταῦτα
359 1574 464 1656 λέγειν
476 1573 558 1655 μηδὲ
568 1572 630 1656 τήν
641 1572 813 1656 ἐπιστολήν
820 1573 881 1656 τήν
890 1575 1066 1652 Φιλίππου,

9 1742 11 1759 ,
86 1680 167 1743 ἀλλά
181 1688 301 1743 τοῦτον
311 1713 353 1724 -
366 1677 403 1742 ἐκ
416 1679 545 1742 τούτων
559 1673 622 1742 οὑν
635 1678 896 1762 τεκμαιρόμενος,
921 1676 1065 1752 ἀναστὰς
1077 1691 1092 1739 8

9 1764 11 1825 ί
84 1784 140 1847 καί
162 1785 349 1866 παρελθών,
373 1781 556 1865 ἐπειρώμην
571 1782 632 1864 μὲν
648 1781 836 1863 ἀντιλέγειν,
862 1779 905 1855 ῶς
920 1782 949 1844 δ’
966 1780 1064 1844 ἀκού·

9 1888 11 1919 ί
85 1908 134 1950 ειν
150 1887 212 1950 οὑκ
227 1885 368 1968 ἠθέλετε,
384 1885 524 1969 ἡσυχίαν
539 1885 644 1967 ἔσχον,
659 1894 799 1950 τοσοῦτο
811 1885 915 1967 μόνον
925 1885 1063 1967 διαμαρ-

80 1992 267 2093 τυράμενος
290 1989 358 2072 (καί
379 1988 460 2072 πρὸς
471 1987 553 2063 Διὸς
574 1988 631 2051 καί
651 1991 741 2052 θεῶν
756 1987 1065 2071 ἀναμιμνῄσκεσθε),

86 2094 136 2156 δτι
163 2094 254 2155 ταῦτ’
284 2094 352 2155 οὔτ
377 2089 438 2155 οἶδ’
463 2094 539 2156 οὑτε
561 2101 727 2171 κοινωνῶ,
756 2093 998 2176 προσέθηκαδ
1023 2090 1066 2167 ὡς

86 2195 165 2260 οὑδὲ
186 2196 371 2280 προσδοκῶ
400 2196 586 2280 τραχέωςδ
602 2195 742 2280 ὑμῶν
712 2205 756 2258 τῶ
771 2195 855 2278 μηδὲ
877 2197 1066 2279 προσδοκῶν

86 2299 241 2381 σχύντιον,
278 2298 353 2382 ,καί
377 2298 464 2374 ὅπως
485 2301 525 2381 μ,
554 2294 581 2361 ὦ
604 2298 722 2382 ἀνδρες
743 2296 941 2380 Ἀθηναῖοι“,
970 2298 1064 2381 ἔφην,

88 2405 150 2486 ,ἀν
162 2425 194 2466 τι
209 2403 338 2466 τούτων
348 2402 509 2484 γίγνηται,
524 2403 663 2476 τούτους
678 2400 890 2466 ἐπαινέσεσθε
904 2402 960 2465 καὶ
974 2401 1064 2483 τιμή·

87 2522 156 2571 σετε
178 2507 234 2569 καὶ
255 2507 490 2589 στεφανώσετε,
514 2504 570 2588 έμὲ
593 2505 630 2569 δὲ
652 2504 713 2587 μή·
736 2505 794 2568 καί
816 2505 927 2587 μέντοι
947 2508 1011 2569 κάν
1033 2527 1066 2568 τι

86 2619 152 2675 τῶν
173 2608 348 2688 ἐναντίαν,
378 2610 464 2684 ὅπως
485 2609 613 2683 τούτοις
636 2606 818 2691 ὀργιεῖσθε·
851 2607 916 2689 έγδι
938 2607 969 2670 δ’
993 2606 1065 2689 ἀφί·

87 2712 238 2798 σταμαι.“
266 2714 328 2797 ,μή
340 2712 422 2778 νῶνιι
436 2712 615 2795 ὑπολαβὼν
628 2714 783 2796 Αἰσχίνης
798 2714 912 2779 οὑτοσί
929 2713 991 2799 ,μή
1003 2722 1067 2776 νῦν
1079 2728 1094 2775 9

87 2817 257 2903 ἀφίστασ’“
282 2819 355 2903 ἔφη,
380 2819 466 2905 ,ἀλλ’
484 2820 572 2893 ὅπως
586 2819 659 2882 τότε
675 2818 718 2900 μή
734 2815 978 2903 προσποιήσει.ιι
1005 2819 1064 2902 ,νὴ

86 2926 140 3003 Δί,
86 2923 183 3005 Λή
208 2922 357 3004 ἀδικήσω
378 2919 429 3005 W
454 2922 548 3003 ἔφην.
582 2921 810 2996 ἑπαναστδιςδ
827 2921 1066 3002 ὁΦιλοκράτης

87 3030 160 3109 μάλ’
182 3028 416 3111 ὑβριστικῶς,
421 3025 539 3089 ούδὲυ“
565 3025 627 3109 ἔφη
653 3026 876 3109 ,θαυμαστάη
900 3021 1067 3108 ὦάνδρες

83 3128 263 3213 Ἀθηναῖοι,
278 3130 323 3213 μή
335 3131 426 3193 ταῦτ’
440 3129 512 3211 έμοί
526 3128 582 3191 καί
593 3129 803 3211 Δημοσθένει
818 3130 944 3192 δοκεῖν
968 3125 1065 3201 οὑτος

88 3234 224 3317 μὲνγὰρ
239 3232 379 3317 ὑδωμέ
380 3232 427 3315 γὼ
443 3233 471 3295 δ’
488 3228 636 3296 οίνονί
595 3233 636 3295 πί
633 3229 711 3296 vm.“
746 3234 803 3296 καί
817 3232 910 3314 ὑμεῖς
924 3232 1063 3315 έγελιλτε.

551 3509 703 3519 «ι...-

139 3639 351 3684 mosum&
