2484 3992
508 197 727 249 ralnssno.
1036 198 1103 265 vn

122 386 217 453 Talis
233 388 296 453 fuit
312 388 564 470 Themistocles,
582 389 649 474 qui,
667 396 703 452 ut
720 388 770 452 ait
785 385 961 453 Cornelius
977 388 1100 473 Nepos,

123 492 280 558 celeriter
303 515 388 578 quae
412 515 494 578 opus
518 502 615 558 erant
638 491 840 576 reperiebat,
861 490 963 557 facile
984 490 1102 557 cadem

124 596 277 661 oratione
290 595 499 681 explicabat3
512 605 630 681 postea
642 595 801 677 Pericles,
814 596 870 680 qui
882 618 958 660 cum
968 595 1101 660 floreret

124 701 215 763 omni
238 719 362 782 genere
377 700 523 780 virtutis,
546 698 610 763 hac
634 708 749 763 tamen
773 696 875 762 laude
898 698 961 762 fuit
984 697 1102 763 claris-

124 803 241 867 simus.

228 902 297 970 Sed
319 904 387 969 illis
411 904 616 990 temporibus
641 927 727 991 quae
749 906 887 990 vigebat
912 905 1103 991 eloquentia

125 1008 179 1071 vel
206 1018 329 1073 natura
351 1007 406 1072 vel
440 1009 686 1074 exercitatione
710 1009 856 1095 quadam
892 1018 963 1075 erat
992 1010 1116 1093 parta,

125 1132 192 1175 non
208 1120 281 1175 arte
298 1109 472 1176 elaborata
488 1113 742 1196 necquicquam
758 1110 883 1201 litteris
895 1111 1103 1176 mandatum.

124 1213 260 1278 Interea
283 1223 396 1279 autem
418 1214 453 1278 in
475 1212 615 1278 urbibus
640 1212 778 1278 Siciliae
801 1236 877 1279 cum
901 1209 989 1279 aliae
1016 1211 1102 1277 cole·

124 1315 250 1381 bantur
279 1326 387 1399 artes,
420 1325 508 1399 tum,
536 1325 573 1381 ut
596 1315 711 1382 Sicula
735 1338 818 1401 gens
850 1327 922 1382 erat
946 1326 1047 1381 acuta
1071 1325 1104 1380 et

124 1408 430 1485 controversiarum
454 1419 623 1502 studiosa,
648 1422 751 1485 etiam
775 1421 910 1485 dicendi
933 1419 1102 1505 cupiditas

124 1533 208 1588 nata
242 1533 303 1602 est,
337 1525 529 1609 primusque
558 1523 702 1589 Tisias
732 1523 966 1608 Syracusanus
996 1536 1104 1589 artem

124 1625 260 1690 dicendi
277 1636 378 1712 atque
389 1637 570 1711 praecepta
584 1627 713 1709 (τέχνην
728 1626 919 1709 ῥητορικήν)
932 1627 1103 1711 conscrip-

124 1730 211 1794 sisse
233 1730 339 1794 lertur
361 1732 397 1794 in
419 1751 516 1795 usum
536 1731 683 1794 maxime
699 1729 875 1794 forensem·
921 1727 1103 1812 Gorgias

124 1853 204 1896 vero
226 1831 414 1897 Leontinus
444 1832 535 1917 apud
563 1834 657 1897 cives
679 1834 812 1917 patriae
836 1854 917 1896 suae
946 1852 1105 1914 magnam

123 1934 267 2019 adeptus
283 1934 416 1999 dicendi
429 1932 574 2016 laudem,
587 1955 663 1998 cum
676 1933 1104 2015 a.427venissetAthenas,

123 2036 173 2102 ibi
195 2038 322 2122 primus
346 2039 479 2102 exstitit
502 2038 600 2102 huius
624 2038 710 2102 artis
727 2040 890 2121 magister
912 2039 1105 2123 primusque

122 2142 197 2225 ipse
211 2163 247 2205 se
259 2151 426 2206 oratorem
437 2142 553 2205 vocari
565 2140 685 2205 voluit.
699 2141 829 2206 Eadem
841 2150 955 2206 aetate
964 2141 1104 2205 Athenis

122 2242 528 2327 Protagorashbderites,
541 2243 705 2308 Prodicus
719 2242 818 2325 Ceus,
830 2244 974 2329 Hippias
989 2243 1104 2326 Eleus,

124 2345 185 2411 alii
208 2345 315 2427 multi,
340 2368 422 2431 quos
455 2345 742 2431 sophistarum
770 2349 904 2412 nomine
933 2345 1105 2431 appellare

124 2452 371 2529 consuevimus,
395 2471 517 2533 magno
541 2451 576 2514 in
599 2449 727 2514 honore
750 2459 865 2531 erant3
888 2452 945 2536 qui
960 2448 1105 2536 publicis

124 2556 195 2619 suis
225 2553 526 2619 declamationibus
555 2576 678 2620 novum
708 2556 843 2620 dicendi
877 2576 981 2638 genus
1014 2553 1105 2616 inve·

122 2665 262 2738 nerunt,
297 2657 386 2741 quod
408 2668 551 2722 vocatur
575 2658 878 2723 demonstrativum
908 2659 1014 2741 (γένος
1041 2656 1106 2719 ἐπι-

124 2761 295 2839 δεικτικόν,
318 2760 712 2842 Prunkberedsamkeit).
743 2760 976 2847 Disputabant
994 2769 1106 2825 autem

125 2865 167 2930 de
190 2864 288 2929 bonis
312 2865 412 2929 rebus
437 2874 469 2928 et
492 2864 602 2945 malis,
628 2865 669 2929 de
691 2864 862 2929 hominum
885 2867 958 2929 vita
982 2874 1015 2928 et
1038 2884 1106 2928 mo·

124 2966 230 3050 ribus,
255 2968 296 3032 de
319 2966 396 3031 aliis
420 2967 521 3032 rebus
544 2966 745 3033 illustribus.
779 2966 887 3032 iidem
911 2965 1105 3050 discipulos,

125 3073 181 3156 qui
205 3091 263 3135 eos
287 3069 514 3155 sequebantur
529 3070 637 3153 multi,
663 3069 784 3134 docere
802 3092 838 3134 se
853 3069 1106 3155 profitebantur,

125 3174 409 3260 quemadmodum
443 3173 613 3259 quaelibet
649 3195 754 3239 causa
788 3172 926 3237 inferior
964 3171 1106 3237 dicendo

124 3278 198 3343 fieri
226 3278 378 3362 superior
411 3286 536 3361 posset.
582 3275 677 3355 Quae
712 3275 867 3341 doctrina
902 3278 931 3339 si
964 3275 1107 3341 refertur

126 3381 170 3445 ad
185 3400 295 3445 mores
312 3379 597 3463 honestatemque,
621 3378 701 3443 licet
724 3399 928 3463 magnopere
952 3378 995 3442 sit
1018 3378 1106 3440 vitu·

122 3481 275 3568 peranda
298 3490 399 3566 atque
415 3482 549 3545 omnino
565 3480 787 3564 repudianda,
812 3490 926 3544 tamen
943 3481 1103 3564 quoniam
