2484 3992
168 196 210 262 48
437 199 479 264 V.
502 202 859 265 ΔΗΜΟΣὈΕΝΟῬΣ

635 1109 678 1177 V.

355 1316 500 1383 ΠΕΡΙ
534 1319 652 1382 ΤΗΣ
680 1318 963 1382 ΕΙΡΗΝΗΣ.

606 1526 709 1535 ι...-

490 1659 822 1729 ARGUMENTUM.

279 1851 429 1938 Olyntho
464 1854 579 1918 exoisa
613 1851 828 1918 vehementer
861 1852 1017 1918 exterriti
1045 1850 1145 1917 Athe·

168 1956 302 2020 nienses
355 1953 479 2039 legatis
525 1976 777 2041 quoquoversus
831 1952 980 2020 dimissis
1032 1976 1145 2020 omnes

169 2057 375 2124 Graecorum
397 2059 554 2124 civitates
579 2057 855 2139 cohortabantur,
877 2067 914 2123 ut
937 2079 1144 2124 communem

170 2162 315 2227 omnium
337 2160 469 2227 hostem
493 2160 629 2226 summis
658 2159 777 2246 opibus
805 2181 847 2227 ao
870 2159 1001 2227 viribus
1033 2182 1144 2228 seeum

168 2263 414 2352 propulsarent.
459 2261 562 2329 Ouios
596 2264 647 2330 rei
685 2285 761 2330 oum
794 2262 943 2351 undique
974 2264 1144 2351 repulsam

168 2368 349 2450 tulissent,
394 2368 459 2453 ipsi
492 2369 527 2431 in
575 2369 770 2455 praesentia
819 2369 903 2435 satis
951 2367 1144 2435 habuerunt

168 2493 245 2538 oum
267 2479 400 2539 oeteras
424 2471 667 2556 possessiones,
696 2493 925 2559 quaecumque
957 2474 998 2537 iis
1030 2494 1141 2558 super·

168 2584 265 2643 erant
298 2576 334 2640 in
362 2573 530 2639 Thraciae
568 2596 627 2639 ora
667 2576 853 2660 maritima,
894 2585 966 2642 tum
1000 2573 1141 2641 Cherso-

167 2701 284 2747 nesum
307 2715 348 2726 -
371 2677 452 2743 illue
482 2677 570 2742 enim
602 2699 714 2761 regem
750 2701 786 2744 se
815 2681 1026 2745 convertisse
1060 2700 1142 2744 nun·

168 2785 290 2850 tiatum
323 2790 396 2848 erat
422 2816 458 2827 -
484 2780 665 2865 praesidiis
690 2780 901 2869 navibusque
927 2781 1052 2869 ubique
1076 2782 1142 2848 dis·

167 2887 286 2974 positis
314 2885 412 2951 tueri.
455 2882 698 2951 Verumtamen
720 2885 896 2973 Philippus
925 2888 1054 2952 maiora
1078 2886 1145 2951 iam

168 2993 280 3057 auimo
309 2988 465 3072 volvens,
499 3009 575 3052 oum
598 2987 676 3054 dolo
700 3010 741 3055 ao
762 2989 911 3056 fallaciis
939 2988 1015 3077 plus
1044 3010 1146 3075 quam

169 3096 270 3161 armis
306 3102 351 3158 se'
383 3092 545 3178 profioere
577 3113 678 3177 posse
718 3102 885 3179 speraret,
919 3092 1144 3159 Athenienses

168 3219 228 3285 per
260 3195 513 3283 Neoptolemum
545 3194 745 3262 histrionem
783 3197 935 3284 aliosque
970 3197 1144 3263 internun-

168 3299 234 3365 tios
272 3301 433 3366 certiores
470 3299 552 3366 feeit
596 3321 634 3364 se
677 3322 745 3365 non
789 3301 965 3388 aspernari
1009 3322 1144 3386 paoem3

170 3425 270 3491 quam
299 3401 442 3468 illinon
469 3404 577 3468 minus
605 3405 781 3490 propensis
812 3405 935 3471 animis
969 3424 1144 3492 excepere.

169 3502 359 3587 Agentibus
393 3523 471 3567 oum
502 3501 656 3590 Philippo
692 3505 807 3573 decem
839 3506 980 3592 legatis,
1016 3507 1052 3571 in
1092 3507 1142 3573 his
