2484 3992
356 224 482 287 ΚΑΤΑ
506 225 738 287 mmm?
756 229 796 289 A.
1026 222 1064 287 ll

6 452 8 457 ,
72 398 255 477 στράτευμ’
284 394 348 459 άπὸ
376 399 437 460 τοῦ
463 396 625 479 πολέμου,
659 396 781 461 οὐδένα
808 404 875 459 τῶν
896 393 1063 478 Ἑλλήνων

13 554 17 563 ,
73 498 224 563 ἀδικοῦν
245 497 323 562 οὐδὲ
346 507 412 563 τῶν
434 502 629 582 συμμάχων,
659 498 733 563 ὥστ’
765 500 849 582 ἔχειν
870 500 992 582 μισθὸν
1014 499 1063 565 ἐν·

75 605 168 683 τελῆ.
195 600 258 684 ἐγὼ
271 602 445 682 συμπλέων
460 602 636 684 ἐθελοντής
650 605 786 685 πάσχειν
800 603 915 667 ὁτιοῦν
930 601 1066 685 ἕτοιμος,

6 744 7 751 1
75 704 142 768 ἐὰν
171 704 215 787 μή
243 702 339 768 ταῦθ’
364 705 469 781 οὑτως
496 704 561 788 ἐχη.
605 707 711 770 πόθεν
738 702 801 770 οὑν
829 706 971 786 ὑπίρος
992 709 1060 769 τοῖν

8 864 12 873 ,
75 810 274 893 χρημάτων,
314 809 336 870 δ
369 807 444 891 παρ’
478 807 572 890 ὑμῶν
604 810 727 873 κελεύω
764 810 936 890 γενέσθαι,·
972 811 1061 873 τοῦτ’

76 912 147 994 ήδη
173 909 261 988 λέξω.

354 1084 505 1146 ΠΟΡΟῬ
522 1080 795 1155 ΑΠΟΔΕΙΞΙΣ.

7 1306 12 1315 .
165 1216 204 1286 “A
226 1222 286 1304 μὲν
313 1221 420 1303 ἡμεῖς,
455 1216 481 1284 ὦ
509 1221 627 1303 ἄνδρες
645 1218 830 1304 Ἀθηναῖοι,
865 1219 1063 1303 δεδυνήμεθ’
1075 1237 1110 1285 30

82 1324 205 1408 εὑρεῖν,
234 1327 330 1389 ταῦτ’
358 1324 456 1388 ἐστίν.
500 1323 634 1388 ἐπειδάν
661 1322 690 1388 δ
722 1325 977 1410 ἐπιχειροτονῆτε
1009 1325 1068 1398 τὰς

6 1494 10 1525 ,
82 1432 228 1512 γνώμας,
252 1429 294 1493 ἂν
309 1427 388 1510 ὑμῖν
403 1428 535 1511 άρέσκη,
558 1428 811 1511 χειροτονήσετε,
834 1427 889 1491 ἵνα
904 1427 947 1510 μή
964 1429 1068 1510 μένον

6 1596 10 1613 ,
83 1532 206 1608 ἐντοῖς
227 1533 415 1616 ψηφίσμασι
437 1533 493 1594 καῖ
514 1541 585 1605 ταῖς
612 1531 799 1607 ἐπιστολαῖς
826 1534 985 1612 πολεμῆτε
1010 1532 1066 1593 Φι-

6 1620 8 1627 ’
84 1638 202 1721 λίππφ,
226 1635 307 1699 ἀλλὰ
329 1637 385 1698 καῖ
406 1644 474 1710 τοῖς
496 1634 611 1716 ἔργοις.

6 1804 8 1819 ,
173 1744 308 1802 Δοκεῖτε
331 1738 368 1802 δέ
390 1760 446 1820 μοι
467 1737 551 1800 πολὺ
574 1737 705 1818 βέλτιον
734 1737 776 1800 ἂν
805 1738 962 1819 περὶτοῦ
985 1736 1116 1799 πολέσι

85 1865 152 1924 μου
180 1842 234 1905 καλ
265 1842 340 1921 ὅλης
361 1849 418 1922 τῆς
439 1847 649 1921 παρασκευῆς
671 1839 932 1920 βουλεύσασθαι,
960 1838 989 1901 εί
1010 1838 1068 1900 τὸν

7 2010 9 2025 s
86 1945 199 2023 τόπον,
223 1939 383 2029 ὠάνδρες
394 1938 574 2023 Ἀθηναῖοι,
597 1949 654 2022 τῆς
668 1943 786 2025 χώρας,
809 1941 890 2025 πρὸς
910 1942 952 2023 ῆν
974 1943 1066 2004 πολε·

87 2050 177 2129 μεῖτ’,
196 2045 433 2128 ἐνθυμηθείητε
449 2046 504 2109 καὶ
518 2046 712 2126 λογίσαισθ’,
736 2045 786 2108 ὅτι
801 2054 869 2120 τοῖς
882 2046 1068 2126 πνεύμασιν

87 2150 144 2213 καὶ
164 2159 236 2226 ταῖς
257 2151 358 2233 ὥραις
379 2153 441 2213 τοῦ
464 2148 556 2223 έτους
570 2148 611 2211 τὰ
626 2149 729 2211 πολλὰ
743 2150 984 2232 προλαμβάνων
999 2149 1066 2211 δια·

88 2254 263 2336 πράττεται
287 2254 449 2327 Φίλιππος
469 2252 525 2314 καὶ
547 2249 695 2334 φυλάξας
716 2252 794 2327 τοὺς
815 2251 945 2334 ἐτησίας
966 2251 986 2333 ή
1009 2252 1068 2315 τὸν

88 2358 216 2438 χειμῶν’
239 2354 400 2440 ἐπιχειρεῖ,
422 2355 507 2437 ἡνίκ’
531 2353 573 2416 ἂν
594 2353 687 2435 ήμεῖς
708 2354 752 2436 μή
775 2353 948 2436 δυναίμεθ’
972 2353 1066 2417 ἐκεῖσ

7 2446 8 2449 “
91 2458 279 2540 άφικέσθαι.
325 2458 377 2521 δεῖ
396 2459 511 2522 τοίνυν
531 2460 622 2522 ταῦτ’
646 2456 916 2540 ἐνθυμουμένους
931 2456 974 2539 μή
990 2457 1110 2539 bon-32

89 2562 195 2637 θείαις
226 2565 395 2644 πολεμεῖν,
432 2562 649 2645 ὑστεριοῦμεν
680 2563 745 2645 γάρ
778 2561 948 2640 ἁπάντων,
987 2560 1068 2624 άλλὰ

90 2673 280 2749 παρασκευῇ
314 2674 444 2748 συνεχεῖ
474 2665 530 2728 καῖ
545 2726 547 2729 ,
563 2664 712 2746 δυνάμει.
759 2665 896 2748 ὑπάρχει
929 2660 957 2726 δ’
989 2664 1068 2744 ὑμῖν

90 2768 243 2854 χειμαδίῳ
264 2769 325 2851 μὲν
346 2773 489 2852 χρῆσθαι
516 2776 555 2851 τῆ
578 2768 718 2848 δυνάμει
740 2768 863 2850 Λήμνῳ
890 2767 946 2830 καὶ
969 2768 1067 2851 Θάσφ

90 2871 145 2934 καῖ
167 2873 305 2956 Σκιάθφ
334 2873 390 2934 καῖ
418 2880 489 2947 ταῖς
511 2869 548 2935 ἐν
571 2871 676 2955 τούτῳ
703 2879 748 2954 τῷ
770 2872 860 2955 τόπφ
881 2868 1008 2951 νήσοις,
1032 2868 1069 2932 ἐν

92 2972 141 3048 αίς
155 2974 210 3036 καὶ
225 2975 351 3056 λιμένες
365 2974 421 3036 καί
437 2982 523 3047 σῖτος
537 2973 593 3034 καὶ
616 2974 638 3035 ἃ
660 2971 719 3054 χρὴ
735 2974 953 3056 στρατεύματι
967 2972 1066 3035 πάνθ’

91 3077 242 3159 ὑπάρχει·
265 3075 326 3158 τήν
347 3078 377 3140 δ’
401 3077 491 3161 ὥραν
513 3079 573 3138 τοῦ
597 3074 701 3154 ἐτονς,
725 3075 778 3138 ὅτε
799 3075 856 3138 καί
876 3074 958 3158 πρὸς
973 3082 1011 3157 τῆ
1027 3082 1068 3156 γῆ

91 3180 242 3262 γενέσθαι
274 3178 392 3266 ῥηίδιον
423 3180 479 3243 καῖ
511 3178 549 3242 τὸ
582 3186 650 3242 τῶν
682 3181 880 3259 πνευμάτων
913 3178 1066 3261 ἀσφαλές,

94 3283 170 3365 πρὸς
183 3281 266 3366 αὐτῆ
288 3291 327 3366 τῆ
350 3283 439 3368 χώρη
454 3282 509 3345 καὶ
531 3280 612 3363 πρὸς
634 3289 703 3356 τοῖς
725 3288 790 3344 τῶν
812 3279 977 3362 ἐμπορίων
1000 3282 1067 3343 στὺ

95 3400 190 3466 μασιν
211 3383 334 3468 ῥᾳδίως
356 3385 456 3449 ἔσται.
