2484 3992
266 242 378 303 ΠΕΡΙ
398 241 497 303 ΤΩΝ
514 242 581 302 ΕΝ
598 239 905 304 ΧΕΡΡΟΝΗΣΩῙ.
1032 235 1073 299 73

76 429 244 492 σκοπεῖθ’
268 428 319 491 ὅτι
351 426 450 493 οὐδὲν
483 430 561 494 ἀλλο
592 430 747 492 ποιοῦσιν
773 426 793 509 ή
815 430 991 491 καθιστᾶσι
1012 425 1072 509 τήν

74 532 194 595 πόλιν
214 530 262 606 είς
282 529 341 597 τδν
363 530 465 595 αύτδν
482 532 615 614 τρόπον,
638 530 681 594 δι’
703 527 744 593 οὖ
758 528 800 593 τδι
813 529 961 611 παρόντα
974 531 1074 613 πράγ·

76 628 173 717 μαθ’
186 633 302 699 ἅπαντ’
310 633 486 699 ἀπόλωλεν.
509 636 576 698 ίστε
587 633 652 717 γάρ
663 632 773 716 δήπου
784 633 947 712 τοῦθ’,ύτι
958 631 1071 696 οὐδενί
1082 646 1113 696 11

76 747 163 802 τῶν
184 740 318 802 πάντων
338 739 438 802 πλέον
459 739 635 822 κεκράτηκε
650 738 811 812 Φίλιππος
824 735 845 818 ή
859 744 905 821 τῷ
919 737 1076 818 πρότερος

76 841 177 925 πρὸς
198 852 268 918 τοῖς
289 844 458 927 πράγμασι
479 843 661 925 γίγνεσθαι.
707 840 725 903 δ
747 840 809 923 μὲν
829 840 894 923 γάρ
916 840 998 921 ἔχων
1020 839 1074 903 δύ·

78 968 196 1027 ναμιυ
226 954 465 1026 συνεστηκυῖαν
487 945 539 1009 ἀεὶ
560 945 635 1027 περὶ
658 933 761 1008 αύτδν
789 943 845 1007 καὶ
872 941 1033 1025 προειδὼς
1054 943 1075 1005 δι

78 1049 250 1130 βούλεται
271 1047 401 1132 πρᾶξαι,
423 1046 578 1132 ἐξαίφνης
599 1046 650 1131 ἐφ’
666 1049 726 1122 οὓς
741 1046 782 1110 ἂν
799 1046 887 1133 αὐτῷ
903 1043 981 1130 δύξη
996 1047 1075 1127 πάρ-

81 1167 199 1215 εστιν·
222 1150 315 1234 ήμεῖς
329 1153 358 1215 δ’
375 1150 509 1215 ἐπειδάν
523 1151 711 1234 πυθώμεθά
725 1172 756 1214 τι
770 1150 976 1233 μιγνύμενον,
990 1171 1075 1233 τηνι·

80 1259 204 1319 καύτα
214 1256 454 1337 θορυβούμεθα
468 1255 525 1318 καλ
538 1255 866 1338 παρασκευαζόμεθα.
889 1249 956 1334 εἶτ’,
972 1251 1073 1337 οἶμαι,
1085 1266 1116 1314 ιι

84 1361 273 1442 συμβαίνει
305 1368 350 1444 τῷ
382 1359 443 1442 μὲν
477 1359 527 1443 ἐφ’
556 1361 598 1424 ἀν
626 1359 721 1442 ἔλθη,
754 1361 843 1422 ταῦτ’
878 1359 962 1441 ε’χειυ
994 1359 1076 1422 κατὰ

82 1463 221 1546 πολλήν
241 1462 392 1546 ἡσυχίαν,
415 1463 494 1545 ήμῖυ
516 1464 545 1526 δ’
568 1462 756 1546 ὑστερίζειν,
778 1463 834 1526 καί
855 1458 901 1526 δυ’
919 1455 962 1526 ἀν
977 1463 1076 1526 δαπα·

82 1567 261 1649 νήσωμεν,
290 1565 419 1630 ἅπαντα
451 1569 558 1649 μάτην
586 1564 804 1649 ἀνηλωκέναι,
836 1568 892 1631 καὶ
923 1566 984 1650 τήν
1016 1566 1077 1648 μὲν

85 1670 224 1754 ἔχθραν
245 1670 301 1733 καὶ
322 1669 360 1732 τὸ
382 1670 560 1753 βούλεσθαι
582 1670 722 1733 κωλύειν
744 1669 960 1752 ἐνδεδεῖχθαι,
988 1669 1076 1733 ύστε-

86 1774 247 1855 ρίζοντας
268 1773 305 1836 δὲ
327 1783 393 1837 τῶν
415 1773 521 1857 ἔργον
544 1774 702 1856 αἰσχύνην
723 1774 1030 1857 προσοφλισκάνειν.

202 1875 261 1959 Μή
280 1877 395 1941 τοίνυν
410 1877 558 1960 ἀγνοεῖτ’,
582 1874 608 1941 ὦ
625 1878 742 1962 ἀνδρες
753 1873 930 1959 Ἀθηναῖοι,
957 1878 1007 1941 ὅτι
1022 1877 1077 1939 καί
1089 1891 1120 1940 13

87 1984 135 2046 τὰ
158 1985 225 2047 νύν
247 1984 347 2046 τᾶλλα
368 1983 430 2064 μέν
451 1980 519 2046 ἐστι
546 1982 638 2064 λύγοι
664 1991 767 2046 ταῦτα
798 1982 854 2045 καὶ
887 1982 1077 2065 προφάσεις,

88 2088 275 2168 πράττεται
297 2085 333 2148 δὲ
355 2085 411 2148 καί
433 2086 706 2163 κατασκευάζεται
728 2090 843 2165 τοῦτο,
872 2086 959 2160 ὅπως
986 2083 1079 2166 ὑμῶν

89 2189 158 2270 μὲν
181 2189 267 2253 οἴκοι
289 2189 466 2270 μενύιπου,
489 2186 550 2266 ἔξω
572 2188 608 2252 δὲ
622 2190 782 2272 μηδεμιᾶς
804 2190 906 2270 οὔσης
926 2197 965 2272 τῇ
987 2190 1079 2250 πόλει

91 2292 286 2373 δυνάμεως,
320 2292 401 2374 μετὰ
433 2292 583 2374 πλείστης
610 2291 747 2374 ἡσυχίας
777 2290 899 2354 ἀπανθ’
924 2290 985 2352 ὅσα
1007 2291 1079 2372 βού-

91 2398 186 2460 λεται
214 2398 375 2470 Φίλιππος
397 2396 608 2478 διοικήσεται.
652 2399 808 2478 θεωρεῖτε
829 2395 892 2477 γὰρ
913 2394 951 2458 τὸ
969 2394 1080 2477 ’παρὸν

92 2508 247 2583 πρῶτον,
280 2499 299 2560 ὃ
327 2499 481 2581 γίφνεται.
525 2500 602 2563 νυνὶ
624 2498 769 2581 δύναμιν
789 2501 934 2581 μεγάλην
956 2498 1122 2573 ἐκεῖνοςιι

93 2602 183 2686 ἔχων
205 2602 242 2667 ἐν
266 2605 377 2689 Θρηίκη
400 2603 575 2687 διατρίβει,
609 2603 666 2667 καί
687 2603 926 2685 μεταπέμπεται
947 2601 1079 2684 πολλήν,

96 2708 144 2785 ὥς
158 2723 263 2791 φασιν
277 2707 310 2771 οἱ
323 2709 492 2790 παρόντες,
515 2708 580 2772 ἀπὸ
595 2710 809 2784 Μακεδονίας
822 2709 878 2772 καὶ
896 2709 1079 2783 Θετταλίας.

95 2807 159 2873 ἐὰν
182 2806 244 2873 οὖν
266 2811 454 2894 περιμείνας
474 2812 552 2886 τοὺς
566 2810 696 2893 ἐτησίας
710 2810 763 2874 ἐπὶ
779 2812 960 2887 Βυζάντιον
974 2809 1081 2873 ἐλθὼν

96 2916 268 2998 πολιορκῇ,
290 2923 422 2998 πρῶτον
443 2914 505 2997 μὲν
524 2918 635 2979 οἴεσθε
658 2915 736 2989 τοὺς
751 2915 951 2990 Βυζαντίους
973 2921 1082 2995 μενεῖν

97 3014 154 3080 ἐπὶ
168 3026 226 3099 τής
242 3017 355 3093 ἀνοίας
376 3025 433 3099 τής
455 3018 556 3101 αύτής
578 3019 688 3100 ὥσπερ
710 3020 783 3096 νύν,
806 3017 861 3079 καὶ
883 3016 959 3080 οὔτε
980 3035 1082 3099 παρα-

98 3123 213 3185 καλεῖν
234 3119 320 3203 ύμάς
342 3123 418 3185 οὔτε
439 3121 577 3203 βοηθεῖν
599 3119 711 3194 αὑτοῖς
734 3118 901 3199 ἀξιώσειν,
927 3117 991 3201 ἐγὼ
1019 3119 1079 3201 μὲν
1091 3133 1121 3182 15

99 3223 163 3286 οὐκ
196 3226 323 3306 οἴομαι,
357 3224 437 3287 ἀλλὰ
465 3225 522 3288 καί
549 3226 581 3288 εί
599 3241 665 3288 τισι
693 3226 816 3306 μᾶλλον
843 3221 1080 3304 ἀπιστοῦσινή

99 3324 190 3408 ἡμῖν,
212 3328 269 3390 καί
283 3327 422 3402 τούτους
436 3326 673 3410 εἰσφρήσεσθαι
687 3329 809 3409 μᾶλλον
823 3324 844 3407 ή
860 3328 966 3411 ’κείνῳ
981 3346 1081 3410 παρα-

102 3431 222 3495 δώσειν
242 3431 303 3513 τήν
324 3431 430 3510 πόλιν,
454 3434 496 3494 ἀν
517 3450 579 3515 περ
600 3431 645 3513 μή
669 3431 783 3514 φθάση
811 3430 922 3512 λαβὼν
951 3431 1081 3505 αύτούς.

102 3533 227 3599 ούκούν
248 3534 342 3617 ήμῶν
363 3535 424 3617 μὲν
446 3535 489 3617 μή
513 3535 710 3617 δυναμένων
725 3534 852 3599 ἐνθένδ’
870 3535 1082 3613 ἀναπλεῦσαι,
