2484 3992
259 220 382 309 ’ΠΕΡι
401 246 500 308 νοω
517 247 585 309 ΕΝ
604 246 907 309 ΧΕΡΡοΝΗΣοι.
1034 242 1075 308 75

82 435 215 517 πείθης
227 438 291 498 νύν
303 434 375 517 ἔχει,
388 436 465 508 τοὺς
477 433 773 497 ὁποιουστινασοῦν
785 433 899 515 (οὐδέν
917 433 980 514 γὰρ
992 432 1075 496 ἀντι·

83 537 193 619 λέγω)
206 537 356 601 εὐθενεῖν
367 538 423 600 καί
432 540 509 619 παρ’
523 533 708 619 Ἀθηναίοις
718 534 865 612 εὐδοξεῖν
878 535 935 598 καί
944 536 1077 611 πλείους

3 670 4 703 1
84 642 270 722 γίγνεσθαι
281 649 338 723 της
347 642 470 716 πόλεως
480 641 790 723 συναγωνιζομένης,
802 639 823 722 Q
836 640 1078 721 διαβαλλόντων

84 752 198 807 τινῶν
220 745 277 808 καί
298 745 571 826 κατηγορούντων
593 744 838 825 διασπασθῆναι
859 743 915 805 καί
937 743 1077 821 διαφθα-

86 844 232 929 ρῆναι,·“
257 850 348 911 ταῦτ’
365 851 416 926 ἄν,
438 843 540 928 οἶμαι,
564 848 707 930 φήσειεν.
742 843 805 910 εἰθ’
820 849 842 908 οἳ
860 848 1021 921 Φίλιππος
1037 846 1079 909 ἂν

88 949 230 1027 εὔξαιτο
241 961 309 1026 τοῖς
315 956 416 1031 θεοῖς,
428 953 525 1015 ταῦθ’
537 950 632 1033 ήμῶν
638 973 724 1027 τινες
734 950 855 1014 ένθύδε
866 952 1078 1033 πράττουσιν,·

88 1048 150 1116 εἰτ’
170 1053 218 1118 ἔτι
234 1054 362 1135 ζητεῖτε,
378 1055 484 1118 πόθεν
500 1053 541 1117 τδι
552 1063 609 1136 τής
619 1056 743 1128 πόλεως
756 1054 923 1117 ἀπόλωλεν
934 1053 1079 1133 ἅπαντα,

200 1159 371 1240 Βούλομαι
398 1159 512 1223 τοίνυν
544 1159 625 1240 μετδι
652 1159 836 1242 παρρησίας
865 1156 1011 1235 ἐξετάσαι
1033 1158 1118 1222 τδικι

89 1263 249 1344 παρόντα
270 1264 444 1343 πράγματα
465 1272 504 1346 τῇ
527 1265 619 1327 πόλει
641 1263 696 1325 καί
719 1262 919 1341 σκέψασθαι,
952 1264 985 1325 τί
1010 1282 1078 1324 ποι·

91 1374 201 1446 οῦμεν
218 1363 313 1429 αὐτοὶ
327 1370 391 1429 νύν
405 1367 460 1428 καί
476 1365 563 1440 ὅπως
576 1366 718 1449 χρώμεθ
738 1367 857 1441 αὐτοῖς.
891 1365 983 1448 ἡμεῖς
1003 1366 1079 1429 οὔτε

91 1468 234 1551 χρήματ’
246 1468 409 1553 εἰσφέρειν
428 1469 626 1552 βουλόμεθα,
642 1472 709 1532 οὔτ’
723 1470 818 1533 αὐτοὶ
832 1471 1078 1554 στρατεύεσθαι,

94 1572 172 1635 οὔτε
194 1578 263 1635 των
284 1580 406 1636 κοινῶν
428 1572 605 1654 ἀπέχεσθαι
628 1572 812 1654 δυνάμεθα,
835 1575 910 1636 οὕτε
931 1572 990 1647 τὰς
1005 1587 1078 1635 συν-

90 1673 199 1751 τάξεις
210 1676 383 1739 Διοπείθει
398 1675 542 1757 δίδομεν,
565 1677 640 1739 οὔθ’
664 1676 713 1739 όσ’
734 1675 776 1737 ἂν
792 1675 890 1751 αὐτὸς
905 1673 993 1760 αύτῷ
1015 1689 1117 1738 ποτε

96 1779 231 1862 ρίσηται
255 1776 465 1860 ἐπαινοῦμεν,
489 1778 569 1841 ἀλλὰ
583 1779 807 1861 βασκαίνομεν
821 1780 876 1842 καί
893 1783 1080 1861 σκοποῦμεν

3 1926 4 1929 ,
95 1883 205 1946 πόθεν
226 1882 284 1945 καί
304 1884 337 1946 τί
357 1883 464 1964 μέλλει
485 1892 592 1946 ποιεῖν
606 1884 662 1946 καί
676 1885 783 1947 πάντα
797 1882 837 1946 τὰ
850 1885 987 1964 τοιαυτί,
1011 1885 1078 1946 οὔτ’

97 1984 275 2069 ἐπειδήπερ
299 1987 403 2062 οὕτως
425 1987 555 2069 έχομεν,
583 1987 625 2050 τὰ
645 1986 773 2070 ἡμέτερ’
797 1988 906 2050 αὐτῶν
927 1988 1080 2069 πράττειν

97 2088 271 2171 ἐθέλομεν,
306 2087 369 2154 ἀλλ’
405 2089 442 2154 έν
470 2090 530 2173 μέν
556 2101 625 2164 τοῖς
651 2091 760 2173 λόγοις
780 2092 858 2167 τοὺς
878 2099 935 2173 τῆς
956 2093 1080 2167 πόλεως

97 2193 253 2275 λέγοντας
276 2191 335 2269 ἄξι’
358 2193 567 2276 ἐπαινοῦμεν,
591 2192 628 2258 έν
642 2193 679 2257 δέ
692 2204 761 2269 τοῖς
776 2194 882 2277 ἔργοις
900 2206 968 2269 τοῖς
989 2193 1079 2258 έναν·

97 2298 286 2379 τιουμένοις
305 2301 433 2373 τούτοις
456 2299 756 2380 συναγωνιζόμεθα.
786 2298 878 2380 ὑμεῖς
891 2300 953 2381 μέν
966 2300 1081 2362 τοίνυν
1089 2314 1122 2362 23

99 2403 239 2466 εἰώθαθ’
263 2402 414 2468 ἑκάστοτε
435 2404 493 2468 τὸν
519 2404 668 2486 παριόντ’
697 2402 838 2484 ἐρωτᾶν,
872 2404 905 2466 τί
932 2399 994 2466 ούν
1021 2404 1080 2486 χρὴ

99 2515 226 2587 ποιεῖν,·
259 2505 322 2589 ἐγὼ
345 2507 374 2570 δ’
398 2506 485 2587 ὑμᾶς
507 2505 668 2588 έρωτήσαι
689 2506 860 2588 βούλομαι,
883 2507 916 2570 τί
936 2503 999 2569 οὖν
1019 2506 1079 2589 χρή

99 2608 223 2690 λέγειν,·
244 2609 274 2672 εἰ
288 2608 351 2691 γὰρ
366 2608 437 2690 μήτ’
454 2609 618 2687 εἰσοίσετε,
634 2611 706 2690 μήτ’
723 2608 817 2672 αὐτοὶ
834 2609 1079 2689 στρατεύσεσθε,

100 2711 180 2793 μήτε
195 2720 262 2775 τῶν
276 2721 398 2776 κοινῶν
412 2709 581 2795 ἀφέξεσθε,
603 2716 682 2793 μήτε
696 2712 754 2786 τδις
770 2708 935 2786 συντάξεις
950 2711 1079 2789 δώσετε,

93 2814 180 2898 μήθ’
204 2815 251 2879 δυ’
276 2815 318 2879 ἂν
340 2816 438 2892 αὐτὸς
461 2815 549 2900 αὐτῷ
574 2817 749 2897 πορίσηται
777 2814 901 2894 ἐάσετε,
935 2815 1014 2897 μήτε
1041 2816 1081 2877 τδι

102 2918 230 3003 ὑμέτερ’
254 2918 365 2983 αὐτῶν
386 2923 539 3002 πράττειν
561 2917 739 3000 ἐθελήσετε,
768 2918 831 2981 οὐκ
852 2917 914 3000 ἔχω
936 2918 969 2979 τί
989 2919 1081 2998 λέγω.

103 3022 135 3084 ολ
157 3021 222 3105 γδιρ
244 3022 307 3104 ήδη
330 3023 494 3104 τοσαύτην
509 3021 662 3098 ἐξουσίαν
675 3031 743 3095 τοῖς
758 3022 926 3083 αἰτιᾶσθαι
941 3020 997 3082 καί
1012 3021 1080 3082 δια-

101 3127 233 3207 βάλλειν
253 3126 467 3209 βουλομένοις
489 3125 645 3202 διδόντες,
669 3125 750 3188 ὥστε
772 3123 828 3186 καί
849 3123 922 3204 περί
939 3122 987 3185 ὡν
1001 3139 1082 3202 φασι

103 3230 231 3310 μέλλειν
258 3229 360 3295 αὐτόν
392 3240 516 3313 ποιεῖν,
550 3230 606 3292 καί
633 3229 708 3311 περί
736 3228 862 3291 τούτων
882 3248 1082 3311 προκατηγο-

104 3333 252 3414 ρούντων
274 3332 470 3416 ἀκροᾶσθαι,
484 3333 571 3395 -τί
591 3334 634 3395 ἄν
655 3352 704 3406 τις
724 3332 830 3413 λέγοις

201 3438 239 3500 Ὅ
252 3459 285 3501 τι
299 3440 413 3502 τοίνυν
428 3438 569 3501 δύναται
583 3440 689 3500 ταῦτα
702 3447 819 3516 ποιεῖν,
842 3434 950 3511 ένίους
964 3439 1085 3516 μαθεῖν
1093 3448 1126 3497 24

108 3540 200 3623 ὑμῶν
221 3541 282 3605 δεῖ.
316 3538 396 3617 λέξω
411 3540 452 3623 δή
468 3540 548 3623 μετδι
569 3542 768 3623 παρρησίας·
791 3540 846 3601 καί
868 3539 931 3620 γδιρ
953 3538 1025 3600 οὐδ’
1043 3537 1084 3600 ἂν
