2484 3992
367 263 479 324 ΠΕΡΙ
500 263 595 324 ΤΗΣ
613 264 833 326 ΕΙΡΗΝΗΣ.
1045 261 1087 327 53

102 460 213 530 ναῖοι,
249 451 317 535 (καὶ
344 451 448 532 μόνον
475 450 512 515 ἓν
536 453 631 514 τοῦτ’
661 451 763 515 εἰπὼν
791 452 838 516 ἔτι
865 452 921 516 καλ
950 451 991 535 ὑή
1013 454 1088 537 περὶ

105 553 155 618 ὠν
181 552 380 638 παρελήλυθ’
409 551 502 638 ἐρῶ),
531 554 630 637 ήνίκα
657 555 736 631 τοὺς
763 555 882 638 ὅρκους
908 555 987 631 τοὺς
1012 557 1088 640 περὶ

99 665 161 739 τής
193 654 323 739 εἰρήνης
357 654 569 739 ἀπειληφότες
601 655 724 738 ήκομεν
755 657 787 720 οἱ
815 658 978 741 πρέσβεις,
1011 659 1084 724 τότε
1096 676 1129 725 10

106 761 253 835 Θεσπιάς
274 781 373 824 τινων
394 759 450 822 καλ
471 760 640 835 Πλαταιάς
654 760 925 843 ὑπισχνουμένων
939 761 1083 844 οίκισθή·

104 867 225 927 σεσθαι
252 863 308 925 καὶ
334 864 413 938 τοὺς
440 863 501 945 μὲν
525 864 661 939 Φωκέας
680 864 740 929 τὸν
764 867 942 944 Φίλιππον,
973 866 1015 929 ἂν
1034 867 1084 948 γέ-

102 988 202 1049 νηται
228 967 357 1051 κύριος,
392 971 523 1043 σώσειν,
554 966 614 1048 τήν
642 968 679 1032 δὲ
704 969 858 1051 Θηβαίων
884 970 980 1034 πάλιν
1003 969 1083 1034 διοι-

101 1067 204 1149 κιεῖν,
232 1070 288 1133 καὶ
311 1069 371 1134 τὸν
388 1065 537 1153 Ὠρωπὸν
557 1070 638 1152 ὑμῖν
660 1069 835 1153 ὑπάρξειν,
863 1072 919 1135 καλ
940 1071 1000 1153 τήν
1023 1074 1085 1135 Εὑ-

101 1174 203 1256 βοιαν
217 1169 284 1237 ἀντ’
305 1168 527 1257 Ἀμφιπόλεως
549 1173 830 1255 ἀποδοθήσεσθαι,
854 1175 910 1237 καὶ
930 1176 1085 1251 τοιαύτας

100 1276 236 1353 έλπίθας
257 1277 313 1340 καὶ
335 1278 571 1360 φενακισμούς,
600 1276 650 1354 οἱς
671 1277 872 1361 ὑπαχθέντες
893 1278 987 1361 ὑμεῖς
1008 1281 1083 1344 οὔτε

101 1380 283 1463 συμφόρως
305 1381 372 1444 οὔτ’
396 1382 474 1455 ίσως
495 1383 600 1456 καλῶς
621 1386 778 1464 προεῖσθε
803 1382 955 1461 Φωκέας,
985 1381 1063 1447 οὐδὲ
1119 1392 1123 1399 “

99 1483 231 1546 τούτων
262 1484 334 1546 οὔτ’
370 1481 572 1565 ἐξαπατήσας
604 1487 683 1549 οὔτε
717 1485 852 1567 σιγήσας
884 1484 948 1567 ἐγὼ
982 1486 1083 1569 φανή-

101 1603 215 1667 σομαι,
238 1585 318 1650 ἀλλὰ
340 1585 508 1669 προειπὼν
529 1587 619 1670 ὑμῖν,
644 1587 687 1663 ὡς
703 1584 762 1652 οἷδ’
783 1590 833 1653 ὅτι
849 1592 1079 1672 μνημονεύετε,

100 1692 154 1754 ὅτι
182 1694 279 1756 ταῦτ’
303 1692 377 1755 οὔτ’
400 1688 477 1757 οἶδα
504 1695 580 1757 οὔτε
602 1695 789 1777 προσδοκῶ,
819 1696 938 1776 νομίζω
967 1695 1004 1759 ὑὲ
1025 1694 1084 1760 τὸν

98 1796 239 1878 λέγοντα
260 1798 380 1879 ληρεῖν.

220 1901 332 1962 Ταῦτα
360 1900 474 1964 τοίνυν
502 1899 649 1980 ἅπαντα,
673 1901 734 1965 ὅσα
763 1901 925 1984 φαίνομαι
952 1902 1120 1983 βέλτιονιι

98 2011 178 2083 τῶν
193 2006 299 2067 ἄλλων
319 2013 481 2086 προορῶν,
510 2003 581 2068 οὐδ’
605 2005 651 2081 είς
679 2006 769 2087 μίαν,
799 2002 965 2088 ῶάνὺρες
985 2002 1079 2088 Ἀθη-

98 2115 202 2185 ναῖοι,
225 2108 300 2169 οὔτε
322 2106 479 2188 δεινότητ’
503 2109 570 2172 οὔτ’
588 2107 781 2184 ἀλαζονείαν
802 2108 978 2188 ἐπανοίσω,
1001 2110 1080 2174 οὐδὲ

13 2291 19 2299 ρ
98 2210 366 2291 προσποιήσομαι
388 2210 436 2273 δι’
466 2209 566 2274 οὐδέν
593 2213 671 2273 ἄλλο
700 2212 893 2293 γιγνώσκειν
924 2212 980 2275 καί
1001 2231 1080 2296 προ-

100 2316 325 2377 αισθάνεσθαι
346 2313 430 2395 πλήν
453 2314 495 2377 δι’
519 2316 560 2378 άν
582 2315 662 2396 ὑμῖν
684 2318 765 2378 είπω
787 2315 866 2394 ὑύο,
890 2316 925 2379 ἓν
946 2317 1024 2397 μέν,
1054 2313 1080 2380 ὦ

99 2416 219 2499 ἄνδρες
239 2411 416 2499 Ἀθηναῖοι,
440 2417 483 2480 δι’
500 2416 664 2500 εὐτυχίαν,
685 2418 727 2499 ἣν
744 2419 916 2499 συμπάσης
937 2417 1000 2500 ἐγὼ
1023 2427 1081 2500 τῆς

92 2518 137 2583 ’ἐν
160 2518 347 2602 ἀνθρώποις
369 2522 469 2602 οὑσης
491 2520 676 2603 δεινότητος
696 2521 751 2584 καλ
774 2520 893 2602 σοφίας
915 2519 981 2603 ὁρῶ
997 2543 1072 2603 κρα-

98 2631 241 2701 τοῦσαν,
270 2620 382 2705 ἕτερον
403 2623 451 2701 δέ,
473 2631 594 2706 προῖκα
623 2623 664 2686 τά
691 2624 868 2706 πράγματα
893 2626 996 2707 κρίνω
1023 2625 1079 2687 καί
1091 2642 1121 2689 12

97 2725 281 2807 λογίζομαι,
310 2724 366 2786 καί
388 2723 489 2788 οὐδὲν
510 2728 605 2807 λῆμμ’
630 2725 672 2789 ἂν
699 2726 808 2800 οὐδεὶς
838 2726 906 2809 ἔχοι
927 2728 1008 2810 πρὸς
1031 2725 1080 2803 οἷς

98 2827 163 2910 ἐγὼ
196 2831 428 2911 πεπολίτευμαι
460 2829 516 2892 καί
549 2830 632 2911 λέγω
666 2827 768 2906 δεῖξαι
801 2832 1077 2913 προσηρτημένον.

99 2931 205 3015 ὀρθὸν
237 2926 314 3012 οὑν,
349 2932 369 2994 θ’
395 2954 426 2995 τι
460 2935 502 2996 άν
532 2936 602 2996 ποτ’
627 2933 681 2996 ἀπ’
712 2933 822 2997 αὐτῶν
852 2933 979 3016 ὑπάρχῃ
1013 2944 1079 2998 τῶν

97 3035 308 3118 πραγμάτων,
331 3035 368 3098 τὸ
391 3037 562 3118 συμφέρον
584 3039 739 3120 φαίνεταί
758 3061 824 3119 μοι.
871 3038 1002 3100 ὅτανδ’
1025 3037 1078 3102 ἐπὶ

97 3141 216 3222 θάτερ’
240 3139 349 3222 ὥσπερ
378 3140 425 3215 είς
455 3142 621 3223 τρυτάνην
655 3140 815 3224 άργὺριον
847 3143 1075 3225 προσενέγκῃς,

98 3245 220 3325 οίχεται
242 3243 345 3325 φέρον
366 3243 422 3306 καί
444 3247 659 3308 καθείλκομεν
673 3243 731 3307 τὸν
745 3245 904 3327 λογισμὸν
918 3244 968 3328 ἐφ’
985 3245 1076 3324 αὑτό,

97 3347 154 3410 καί
181 3345 243 3409 οὑκ
274 3345 315 3409 ἂν
343 3344 391 3409 ἔτ’
420 3346 529 3430 ὀρθῶς
551 3347 629 3410 οὐδ’
652 3347 753 3428 ὑγιῶς
776 3346 794 3410 ὁ
817 3356 915 3411 τοῦτο
936 3347 1075 3429 ποιήσας

97 3450 172 3534 περὶ
194 3448 332 3526 οὐδενὸς
353 3451 527 3532 λογίσαιτο.
