2484 3992
397 245 700 307 ΟΛΥΝΘΙΑΚΟΣ
717 245 754 306 Β.
856 258 860 269 ·
1019 237 1061 302 29

75 437 280 517 πεπρᾶχθαι.
324 432 343 496 ό
369 432 430 514 μέν
449 432 514 514 γδιρ
542 431 608 516 ὅσω
633 430 755 494 πλείον’
777 428 860 511 ὑπὲρ
888 429 947 511 τὴν
970 426 1063 506 ἀξίαν

76 538 242 620 πεποίηκε
266 534 327 618 τὴν
355 535 474 615 αὑτοῦ,
507 535 654 619 τοσούτῳ
680 533 947 615 θαυμαστότερος
973 533 1063 616 παρὰ

75 648 185 704 πᾶσιν
208 640 382 721 νομίζεται·
405 638 498 721 ὑμεῖς
520 638 548 702 δ’
573 637 640 722 ὅσω
662 645 771 720 χεῖρον
789 636 809 718 ἢ
825 645 991 720 προσῆκεν
1012 637 1061 700 κέ-

76 747 207 827 χρησθε
221 751 289 816 τοῖς
302 742 481 824 πράγμασι,
495 741 640 825 τοσούτῳ
655 742 775 804 πλείον’
788 741 945 822 αἰσχύνην
957 738 1063 822 ὠφλή-

77 868 171 909 κατε.
215 854 319 909 ταῦτα
346 845 408 926 μὲν
435 839 497 909 οὑν
520 845 722 927 παραλείψω.
766 843 822 906 καί
849 843 913 926 γὰρ
941 843 969 906 εί
996 842 1093 923 μετ’4

80 951 241 1032 ἀληθείας
255 972 313 1029 τις,
330 945 357 1013 ὦ
372 949 489 1031 ἀνδρες
500 945 680 1030 Ἀθηναῖοι,
697 957 860 1027 σκοποῖτο,
876 947 1004 1012 ἐνθένδ’
1022 946 1063 1010 ἂν

81 1053 190 1117 αὑτὸν
211 1051 277 1116 ίδοι
299 1052 403 1134 μέγαν
424 1051 649 1133 γεγενημένον,
673 1047 746 1133 οὐχὶ
767 1053 843 1134 παρ’
867 1051 981 1115 αὑτοῦ.
1016 1049 1064 1112 ὧν

82 1152 149 1220 οὑν
170 1154 295 1231 ἐκεῖνος
316 1155 377 1237 μέν
405 1153 528 1237 ὀφείλει
556 1165 624 1230 τοῖς
646 1155 730 1237 ὑπὲρ
753 1154 857 1218 αὑτοῦ
880 1157 1063 1219 πεπολιτευ-

80 1261 196 1342 μένοις
211 1260 318 1344 χάριν,
340 1258 420 1341 ὑμῖν
434 1258 471 1322 δὲ
489 1258 585 1341 δίκην
599 1258 755 1342 προσήκει
769 1259 890 1340 λαβεῖν,
913 1253 988 1340 οὐχί
1001 1266 1064 1321 νῦν

81 1363 154 1444 δρῶ
175 1361 233 1426 τόν
254 1361 370 1446 καιρόν
392 1370 451 1425 τοῦ
473 1362 593 1443 λέγειν·
628 1363 650 1424 οἳ
680 1362 716 1425 δὲ
743 1362 800 1425 καί
820 1361 917 1444 χωρίς
938 1361 1065 1424 τούτων

83 1464 135 1528 ἔνι
166 1465 222 1528 καὶ
250 1464 377 1546 βέλτιόν
410 1463 499 1528 έστιν
527 1462 703 1546 ἀκηκοέναι
734 1467 860 1540 πάντας
892 1463 977 1546 ὑμεῖς
1009 1463 1065 1526 καί

83 1569 208 1651 μεγάλ’,
232 1564 258 1631 ὦ
282 1568 399 1651 ἀνδρες
421 1569 597 1649 Ἀθηναῖοι,
620 1569 689 1631 καί
713 1567 842 1632 ἐκείνου
864 1568 1006 1651 φαίνοιτ’
1023 1566 1065 1630 ἀν

83 1672 196 1755 ὀνείδη
229 1671 443 1753 βουλομένοις
476 1670 586 1755 ὀρθῶς
613 1672 815 1754 δοκιμάζειν,
849 1675 939 1735 ταῦτ’
961 1672 1065 1735 εἰπεῖν

83 1776 294 1858 πειράσομαι.

193 1882 222 1942 Τ
219 1879 238 1943 ό
259 1879 320 1962 μὲν
342 1875 404 1943 οὑν
419 1877 573 1963 ἐπίορκον
590 1881 752 1945 κάκιστον
765 1882 886 1959 καλεῖν,
910 1881 992 1943 ἀνευ
1005 1888 1064 1942 τοῦ
1077 1896 1092 1942 ε

84 1984 126 2047 τά
149 1983 360 2066 πεπραγμένα
382 1983 560 2063 δεικνύναι,
581 1983 751 2067 λοιδορίαν
772 1979 860 2047 εἶναί
871 2004 920 2057 τις
941 1981 983 2046 ἂν
1004 1982 1064 2066 φή-

88 2102 153 2150 σειε
174 2086 273 2168 κενὴν
295 2086 444 2162 δικαίως·
467 2084 504 2149 τό
526 2087 563 2150 δὲ
584 2081 696 2166 πάνθ’,
719 2086 782 2150 ὅσα
799 2087 922 2150 πώποτ’
939 2084 1064 2168 ἔπραξε,

86 2187 234 2266 διεξιόντ’
248 2187 300 2272 ἐφ’
316 2188 418 2253 ἅπασι
432 2189 563 2265 τούτοις
577 2189 718 2273 ἐλέγχων
733 2190 789 2254 καὶ
810 2190 945 2273 βραχέος
966 2190 1067 2272 λόγον

88 2295 259 2376 συμβαίνει
281 2296 414 2358 δεῖσθαι
435 2294 492 2357 καὶ
514 2294 611 2358 δυοῖν
633 2293 713 2377 ἕνεχ’
728 2293 871 2377 ἡγοῦμαι
888 2294 1067 2377 συμφέρειν

87 2397 254 2479 είρησθαι,
287 2405 348 2460 τοῦ
369 2399 395 2459 τί
418 2396 560 2475 ἐκεῖνον,
595 2397 674 2480 ὅπερ
696 2398 752 2460 καί
775 2397 896 2478 ἀληθὲς
918 2396 1066 2479 ὑπάρχει,

88 2503 216 2585 φαῦλον
243 2501 423 2583 φαίνεσθαι
449 2501 505 2564 καί
532 2501 610 2576 τοὺς
637 2500 1002 2585 ὑπερεκπεπληγμένους
1025 2500 1068 2576 ὡς

89 2604 214 2688 άμαχόν
220 2626 294 2669 τινα
305 2604 364 2669 τόν
372 2605 536 2671 Φίλιππον
546 2605 641 2686 ίδεῖν,
653 2605 704 2669 ὅτι
712 2606 820 2670 πάντα
831 2601 1066 2687 διεξελήλυθεν,

90 2708 138 2786 οίς
158 2710 319 2793 πρότερον
332 2709 623 2793 παρακρουόμενος
637 2710 737 2792 μέγας
750 2706 889 2791 ηὐξήθη,
911 2709 966 2772 καί
986 2707 1068 2791 πρὸς

91 2809 195 2895 αὑτὴν
208 2812 280 2895 ἥκει
301 2812 362 2896 τὴν
382 2811 534 2895 τελευτὴν
547 2812 588 2877 τὰ
605 2814 767 2896 πράγματ’
784 2813 882 2897 αὐτῷ.
916 2811 981 2894 ἐγὼ
995 2813 1097 2895 γάρ,σ

92 2913 256 2999 ὧάνδρες
274 2912 458 2998 Ἀθηναῖοι,
482 2915 596 2999 σφόδρ’
621 2916 663 2979 ἂν
689 2915 839 2998 ἡγούμην
867 2912 987 2991 καὺτὸς
1009 2917 1067 2998 φό·

91 3017 185 3102 βερόν
196 3018 254 3082 τὸν
267 3022 432 3083 Φίλιππον
446 3019 502 3082 καὶ
516 3020 721 3102 θαυμαστόν,
744 3020 773 3083 εί
788 3020 829 3083 τὰ
843 3019 956 3082 δίκαια
969 3021 1066 3101 πράτ·

92 3124 181 3187 τονθ
205 3121 319 3205 έιόρων
339 3118 538 3205 ηὐξημένον·
560 3130 625 3186 νῦν
648 3122 685 3185 δὲ
706 3127 844 3206 θεωρῶν
865 3123 922 3186 καί
938 3131 1069 3187 σκοπῶν

93 3224 230 3309 εὑρίσκω
252 3226 314 3308 τὴν
327 3225 389 3307 μέν
402 3224 562 3309 ὑμετέραν
576 3221 737 3306 εὐήθειαν
750 3225 788 3289 τὸ
803 3229 872 3289 κατ’
889 3226 999 3309 ἀρχάς,
1022 3227 1068 3290 ὑπ’

89 3324 279 3405 Ὀλυνθίους
294 3329 486 3412 ἀπήλαυνόν
499 3350 584 3405 τινες
605 3328 741 3395 ἐνθένδε
755 3331 976 3412 βουλομένους
990 3328 1070 3411 ὑμῖν

94 3433 317 3516 διαλεχθῆναι,
339 3442 384 3517 τῷ
406 3433 466 3514 τὴν
484 3429 679 3517 Ἀμφίπολιν
701 3434 839 3516 φάσκειν
859 3434 1070 3516 παραδώσειν

94 3537 147 3599 καί
167 3534 205 3599 τό
225 3537 455 3620 θρυλούμενόν
475 3538 548 3601 ποτ’
564 3535 753 3619 ἀπόρρητον
774 3536 880 3601 έκεῖνο
894 3551 1070 3600 κατασκευ·
