2484 3992
173 241 216 306 38
445 244 503 311 IV..
528 247 884 311 ΔΗΜΟΣΘΕΝΟῬΣ

140 445 156 492 ο
270 421 386 515 Ὁμέν
408 430 470 497 οὖν
492 434 607 518 παρὼν
633 437 756 520 καιρός,
789 439 879 519 είπερ
906 436 993 516 ποτέ,
1030 439 1159 518 πολλῆς

171 535 347 618 φροντίδος
374 537 430 600 καλ
459 538 579 620 βουλής
606 539 727 602 δεῖται·
761 538 824 621 ἐγὼ
850 541 880 603 δ’
903 539 963 622 οὐχ
987 540 1008 603 ό
1028 562 1060 603 τι
1089 540 1157 624 χρὴ

169 639 243 721 περὶ
265 647 332 704 τῶν
345 643 520 725 παρόντων
535 643 787 724 συμβουλεῦσαι,
810 645 1038 726 χαλεπωτάτω
1052 643 1157 726 ήγοῦ-

160 763 235 823 μαι,
265 742 331 805 ἀλλ’
355 741 450 807 ἐκεῖν’
473 744 597 829 ἀπορῶ,
618 747 693 810 τίνα
720 746 780 829 χρὴ
810 747 945 830 τρόπον,
977 743 1003 810 ὦ
1032 748 1157 830 ἀνδρες

167 848 346 927 Ἀθηναῖοι,
369 846 451 931 πρὸς
472 847 558 931 ὑμεῖς
579 849 655 930 περλ
677 849 788 914 αὐτόν
815 851 927 914 εἰπεῖν.
972 850 1156 932 πέπεισμαι

168 948 233 1032 γὰρ
261 948 293 1026 ἐξ
324 948 371 1013 ὧν
399 949 515 1035 παρὼν
542 953 598 1015 καί
627 952 760 1017 ἀκούων
791 954 945 1032 σύνοιδα,
978 954 1018 1017 τὰ
1048 957 1155 1018 πλείω

167 1060 234 1116 τῶν
255 1056 455 1137 πραγμάτων
476 1054 561 1138 ήμάς
582 1054 815 1141 ἐκπεφευγέναι
836 1066 881 1141 τῷ
902 1056 946 1139 μή
968 1058 1154 1139 βούλεσθαι

166 1156 207 1218 τὰ
222 1155 340 1222 δέοντα
361 1168 468 1224 ποιεῖν
488 1159 508 1241 ή
532 1169 576 1246 τῷ
599 1160 642 1244 μή
667 1161 822 1227 συνιέναι.
846 1158 926 1237 ἀξιῶ
941 1161 970 1223 δ’
986 1160 1083 1243 ὑμᾶς,
1107 1162 1154 1228 ἂν

166 1256 247 1340 μετά
261 1264 446 1345 παρρησίας
455 1272 600 1347 ποιῶμαι
614 1265 693 1339 τοὺς
703 1265 831 1346 λόγους,
847 1263 1033 1346 ὑπομένειν,
1049 1275 1152 1329 τοῦτο

165 1366 390 1448 θεωροῦντας,
418 1368 448 1431 εί
469 1366 594 1449 τάληθή
617 1369 710 1450 λέγω,
733 1367 789 1430 καλ
810 1367 866 1429 διά
888 1369 998 1447 τοῦθ’,
1028 1367 1086 1432 ἵνα
1109 1370 1152 1432 τά

166 1477 263 1541 λοιπά
290 1473 403 1555 βελτίω
430 1473 578 1555 γένηται·
611 1470 709 1554 δρᾶτε
737 1473 815 1555 γάρ,
846 1469 890 1547 ὡς
917 1469 953 1535 ἐκ
981 1481 1042 1534 τοῦ
1063 1473 1151 1556 πρὸς

156 1583 260 1666 Γγάριν
286 1580 485 1661 δημηγορεῖν
506 1574 615 1650 ένίους
637 1575 684 1650 είς
712 1582 779 1639 πάν
799 1574 1004 1658 προελήλυθε
1026 1582 1150 1660 μοχθη-

165 1686 239 1767 ρίας
260 1685 301 1748 τὰ
323 1682 481 1766 παρόντα.

132 1806 149 1852 4
262 1783 460 1868 Ἀναγκαῖον
491 1780 519 1847 δ’
544 1782 767 1864 ὑπολαμβάνω
793 1783 894 1865 μικρὰ
922 1791 988 1846 τῶν
1015 1804 1149 1866 γεγενη-

161 1891 271 1972 μένων
292 1897 423 1970 πρῶτον
444 1886 529 1969 ὑμαῖς
551 1884 748 1968 ὑπομνῆσαι.
783 1885 953 1967 μέμνησθ’,
978 1882 1004 1950 ὦ
1027 1887 1149 1971 ἄνδρες

159 1993 347 2077 Ἀθηναῖοι,
375 1995 421 2057 ὅτ’
446 1991 634 2074 ἀπηγγέλθη
666 1991 826 2066 Φίλιππος
853 1989 932 2072 ὑμῖν
958 1990 995 2055 ἐν
1020 1993 1147 2076 Θρᾴκη,

160 2101 272 2180 τρίτον
295 2098 315 2179 ἢ
338 2098 493 2180 τέταρτον
516 2095 587 2170 ἔτος
608 2096 711 2173 τουτί,
729 2092 866 2175 Ἡραῖον
887 2104 991 2177 τεῖχος
1012 2099 1146 2179 πολιορ-

160 2210 237 2265 κῶν.
260 2203 333 2266 τότε
354 2201 469 2264 τοίνυν
490 2198 556 2282 μήν
578 2200 639 2281 μὲν
662 2194 703 2279 ήν
723 2200 986 2281 μαιμακτηριών,
1014 2202 1148 2264 πολλῶν

159 2306 196 2369 δὲ
224 2307 331 2388 λόγων
358 2305 414 2368 καί
442 2303 593 2385 θορύβου
625 2302 820 2383 γιγνομένου
853 2304 930 2382 παρ’
958 2301 1039 2384 ὑμῖν
1064 2302 1145 2386 ἐφη·

162 2412 306 2493 φίσασθε
334 2409 571 2488 τετταράκοντα
598 2404 739 2487 τριήρεις
771 2406 944 2469 καθέλκειν
977 2407 1032 2469 καὶ
1064 2409 1146 2484 τοὺς

159 2514 250 2596 μέχρι
273 2514 369 2577 πέντε
395 2511 452 2574 καλ
473 2511 697 2592 τετταράκοντ’
720 2507 803 2572 ἐτῶν
830 2508 953 2585 αὐτοὺς
974 2509 1145 2592 ἐμβαίνειν

127 2617 211 2679 σκαλ
233 2618 369 2679 τάλανθ’
393 2612 533 2695 ἑξήκοντ’
557 2612 729 2694 εἰσφέρειν.
752 2613 808 2675 καλ
829 2612 910 2693 μετὰ
932 2621 1037 2677 ταῦτα
1059 2614 1142 2702 διελ-

158 2720 279 2794 θόντος
288 2727 348 2781 τοῦ
361 2718 515 2781 ἐνιαυτοῦ
526 2717 647 2780 τούτου
656 2713 891 2797 ἐκατομβαιὼν,
899 2717 1141 2799 μεταγειτνιὼν,

158 2823 384 2907 βοηδρομιών·
417 2822 538 2885 τούτου
567 2828 626 2882 τοῦ
655 2817 756 2900 μηνδς
782 2820 878 2900 μόγις
910 2820 990 2902 μετὰ
1012 2821 1053 2885 τδι
1080 2843 1141 2903 μυ·

158 2927 273 3008 στήρια
295 2926 375 2991 δέκα
397 2934 479 3000 ναῦς
495 2918 690 2988 ἀπεστείλατ’
708 2922 824 3004 ἔχοντα
839 2923 935 3000 κενδις
946 2924 1142 3007 Χαρίδημον

157 3032 212 3094 καλ
242 3030 337 3095 πέντε
364 3031 494 3094 τάλαντ’
523 3027 696 3111 ἀργυρίου.
743 3024 787 3101 ὡς
815 3026 878 3110 γάρ
906 3025 1049 3111 ἠγγέλθη
1081 3029 1139 3091 Φί·
1231 3044 1232 3055 ’

157 3137 274 3208 λιππος
312 3133 464 3196 ἀσθενῶν
495 3131 515 3213 ή
553 3132 711 3209 τεθνεώς,
744 3126 824 3211 ήλθε
857 3132 922 3214 γὰρ
959 3131 1138 3215 ἀμφότερα,
1231 3180 1232 3211 3

159 3237 270 3300 οὐκέτι
292 3236 409 3318 καιρδν
431 3234 553 3298 οὐδένα
574 3243 634 3296 τοῦ
658 3235 794 3316 βοηθεῖν
815 3235 1008 3315 νομίσαντες
1023 3234 1138 3320 ἀφεῖτ’,

158 3337 184 3402 ὦ
212 3339 330 3421 ἀνδρες
355 3335 533 3420 Ἀθηναῖοι,
566 3337 625 3400 τὸν
648 3337 838 3400 ἀπόστολον.
883 3333 924 3418 ήν
946 3337 976 3399 δ’
1001 3336 1138 3413 οὖτοςδ

157 3443 270 3524 καιρὸς
291 3442 403 3515 αὐτός·
426 3441 455 3503 εί
477 3440 540 3523 γὰρ
561 3440 627 3503 τότ’
650 3439 746 3503 ἐκεῑσ’
768 3439 1006 3523 ἐβοηθήσαμεν,
1029 3444 1137 3525 ὥσπερ

1230 2924 1232 3039 λ

1231 3068 1232 3157 ι

1231 3282 1232 3351 ι
