<?xml version="1.0" encoding="UTF-8"?>
<!DOCTYPE html PUBLIC "-//W3C//DTD XHTML 1.0 Transitional//EN"
    "http://www.w3.org/TR/xhtml1/DTD/xhtml1-transitional.dtd">
<html xmlns="http://www.w3.org/1999/xhtml" xml:lang="en" lang="en">
 <head>
  <title>
</title>
<meta http-equiv="Content-Type" content="text/html;charset=utf-8" />
  <meta name='ocr-system' content='tesseract 3.04.00' />
  <meta name='ocr-capabilities' content='ocr_page ocr_carea ocr_par ocr_line ocrx_word'/>
</head>
<body>
  <div class='ocr_page' id='page_1' title='image "./orationesselect00demogoog_0070.png"; bbox 0 0 2484 3992; ppageno 0'>
   <div class='ocr_carea' id='block_1_1' title="bbox 165 230 875 295">
    <p class='ocr_par' dir='ltr' id='par_1_1' title="bbox 165 230 875 295">
     <span class='ocr_line' id='line_1_1' title="bbox 165 230 875 295; baseline -0.006 0"><span class='ocrx_word' id='word_1_1' title='bbox 165 231 207 294; x_wconf 82' lang='lat'><strong><em>46</em></strong></span> <span class='ocrx_word' id='word_1_2' title='bbox 435 230 493 295; x_wconf 91' lang='lat' dir='ltr'><strong><em>IV.</em></strong></span> <span class='ocrx_word' id='word_1_3' title='bbox 518 232 875 293; x_wconf 75' lang='grc' dir='ltr'><em>ΔΗΜΟΣΘΕΝΟΤΣ</em></span> 
     </span>
    </p>
   </div>
   <div class='ocr_carea' id='block_1_2' title="bbox 93 408 1238 3607">
    <p class='ocr_par' dir='ltr' id='par_1_2' title="bbox 122 408 1156 1642">
     <span class='ocr_line' id='line_1_2' title="bbox 122 408 1156 501; baseline -0.004 -15"><span class='ocrx_word' id='word_1_4' title='bbox 122 438 156 486; x_wconf 80' lang='lat'><strong><em>33</em></strong></span> <span class='ocrx_word' id='word_1_5' title='bbox 262 419 340 485; x_wconf 79' lang='grc' dir='ltr'><strong><em>Ἐάν</em></strong></span> <span class='ocrx_word' id='word_1_6' title='bbox 362 416 424 485; x_wconf 78' lang='grc' dir='ltr'><strong><em>οὖν</em></strong></span> <span class='ocrx_word' id='word_1_7' title='bbox 447 420 527 484; x_wconf 75' lang='grc' dir='ltr'><strong><em>ἀλλὰ</em></strong></span> <span class='ocrx_word' id='word_1_8' title='bbox 548 428 612 483; x_wconf 85' lang='grc' dir='ltr'><strong><em>νῦν</em></strong></span> <span class='ocrx_word' id='word_1_9' title='bbox 633 421 663 501; x_wconf 67' lang='grc' dir='ltr'><strong><em>γ</em></strong></span> <span class='ocrx_word' id='word_1_10' title='bbox 686 408 992 499; x_wconf 82' lang='grc' dir='ltr'><strong><em>ἔτιάπαλλαγέντες</em></strong></span> <span class='ocrx_word' id='word_1_11' title='bbox 1015 418 1156 483; x_wconf 86' lang='grc' dir='ltr'><strong><em>τούτων</em></strong></span> 
     </span>
     <span class='ocr_line' id='line_1_3' title="bbox 165 523 1155 608; baseline -0.005 -17"><span class='ocrx_word' id='word_1_12' title='bbox 165 535 232 591; x_wconf 85' lang='grc' dir='ltr'><strong><em>τῶν</em></strong></span> <span class='ocrx_word' id='word_1_13' title='bbox 259 525 347 593; x_wconf 78' lang='grc' dir='ltr'><strong><em>ἐθῶν</em></strong></span> <span class='ocrx_word' id='word_1_14' title='bbox 374 525 548 608; x_wconf 73' lang='grc' dir='ltr'><strong><em>ἐθελήσητε</em></strong></span> <span class='ocrx_word' id='word_1_15' title='bbox 577 524 813 607; x_wconf 86' lang='grc' dir='ltr'><strong><em>στρατεύεσθαί</em></strong></span> <span class='ocrx_word' id='word_1_16' title='bbox 838 544 873 586; x_wconf 84' lang='grc' dir='ltr'><strong><em>τε</em></strong></span> <span class='ocrx_word' id='word_1_17' title='bbox 901 523 957 585; x_wconf 83' lang='grc' dir='ltr'><strong><em>καλ</em></strong></span> <span class='ocrx_word' id='word_1_18' title='bbox 986 524 1155 602; x_wconf 85' lang='grc' dir='ltr'><strong><em>πράττειν</em></strong></span> 
     </span>
     <span class='ocr_line' id='line_1_4' title="bbox 167 627 1153 710; baseline -0.002 -19"><span class='ocrx_word' id='word_1_19' title='bbox 167 627 263 705; x_wconf 86' lang='grc' dir='ltr'><strong><em>ἀξίως</em></strong></span> <span class='ocrx_word' id='word_1_20' title='bbox 290 628 384 710; x_wconf 81' lang='grc' dir='ltr'><strong><em>ὑμῶν</em></strong></span> <span class='ocrx_word' id='word_1_21' title='bbox 412 629 523 691; x_wconf 84' lang='grc' dir='ltr'><strong><em>αὐτῶν</em></strong></span> <span class='ocrx_word' id='word_1_22' title='bbox 551 627 606 690; x_wconf 82' lang='grc' dir='ltr'><strong><em>καί</em></strong></span> <span class='ocrx_word' id='word_1_23' title='bbox 635 635 706 701; x_wconf 77' lang='grc' dir='ltr'><strong><em>ταῖς</em></strong></span> <span class='ocrx_word' id='word_1_24' title='bbox 734 627 937 708; x_wconf 76' lang='grc' dir='ltr'><strong><em>περιουσίαις</em></strong></span> <span class='ocrx_word' id='word_1_25' title='bbox 963 634 1034 700; x_wconf 77' lang='grc' dir='ltr'><strong><em>ταῖς</em></strong></span> <span class='ocrx_word' id='word_1_26' title='bbox 1057 629 1153 689; x_wconf 83' lang='grc' dir='ltr'><strong><em>οἶκοι</em></strong></span> 
     </span>
     <span class='ocr_line' id='line_1_5' title="bbox 164 728 1151 815; baseline -0.003 -19"><span class='ocrx_word' id='word_1_27' title='bbox 164 735 298 808; x_wconf 75' lang='grc' dir='ltr'><strong><em>ταύταις</em></strong></span> <span class='ocrx_word' id='word_1_28' title='bbox 326 732 489 815; x_wconf 77' lang='grc' dir='ltr'><em>ἀφορμαῖς</em></span> <span class='ocrx_word' id='word_1_29' title='bbox 516 729 569 794; x_wconf 80' lang='grc' dir='ltr'><strong><em>ἐπὶ</em></strong></span> <span class='ocrx_word' id='word_1_30' title='bbox 595 729 681 807; x_wconf 84' lang='grc' dir='ltr'><strong><em>τάξω</em></strong></span> <span class='ocrx_word' id='word_1_31' title='bbox 708 739 774 793; x_wconf 89' lang='grc' dir='ltr'><strong><em>τῶν</em></strong></span> <span class='ocrx_word' id='word_1_32' title='bbox 802 728 938 811; x_wconf 78' lang='grc' dir='ltr'><em>ἀγαθῶν</em></span> <span class='ocrx_word' id='word_1_33' title='bbox 960 728 1151 815; x_wconf 78' lang='grc' dir='ltr'><strong><em>χρήσησθε,</em></strong></span> 
     </span>
     <span class='ocr_line' id='line_1_6' title="bbox 166 830 1152 917; baseline -0.002 -18"><span class='ocrx_word' id='word_1_34' title='bbox 166 841 244 911; x_wconf 84' lang='grc' dir='ltr'><strong><em>ίσως</em></strong></span> <span class='ocrx_word' id='word_1_35' title='bbox 266 838 324 913; x_wconf 81' lang='grc' dir='ltr'><strong><em>ἄν,</em></strong></span> <span class='ocrx_word' id='word_1_36' title='bbox 358 836 449 912; x_wconf 80' lang='grc' dir='ltr'><strong><em>ἴσως,</em></strong></span> <span class='ocrx_word' id='word_1_37' title='bbox 484 830 510 896; x_wconf 77' lang='grc' dir='ltr'><strong>ὦ</strong></span> <span class='ocrx_word' id='word_1_38' title='bbox 534 834 652 917; x_wconf 81' lang='grc' dir='ltr'><strong><em>ἄνδρες</em></strong></span> <span class='ocrx_word' id='word_1_39' title='bbox 670 830 857 915; x_wconf 82' lang='grc' dir='ltr'><strong><em>Ἀθηναῖοι,</em></strong></span> <span class='ocrx_word' id='word_1_40' title='bbox 886 832 1009 896; x_wconf 80' lang='grc' dir='ltr'><strong><em>τέλειόν</em></strong></span> <span class='ocrx_word' id='word_1_41' title='bbox 1030 856 1062 895; x_wconf 88' lang='grc' dir='ltr'><strong><em>τι</em></strong></span> <span class='ocrx_word' id='word_1_42' title='bbox 1089 836 1152 897; x_wconf 84' lang='grc' dir='ltr'><strong><em>καλ</em></strong></span> 
     </span>
     <span class='ocr_line' id='line_1_7' title="bbox 165 918 1152 1021; baseline 0.001 -20"><span class='ocrx_word' id='word_1_43' title='bbox 165 940 248 1021; x_wconf 80' lang='grc' dir='ltr'><strong><em>μέγα</em></strong></span> <span class='ocrx_word' id='word_1_44' title='bbox 270 918 439 1019; x_wconf 80' lang='grc' dir='ltr'><strong><em>κτήσαισθ’</em></strong></span> <span class='ocrx_word' id='word_1_45' title='bbox 465 937 594 1019; x_wconf 84' lang='grc' dir='ltr'><strong><em>ἀγαθὸν</em></strong></span> <span class='ocrx_word' id='word_1_46' title='bbox 620 936 675 998; x_wconf 83' lang='grc' dir='ltr'><strong><em>καί</em></strong></span> <span class='ocrx_word' id='word_1_47' title='bbox 697 945 764 999; x_wconf 88' lang='grc' dir='ltr'><strong><em>τῶν</em></strong></span> <span class='ocrx_word' id='word_1_48' title='bbox 785 937 944 998; x_wconf 71' lang='grc' dir='ltr'><strong><em>τοιούτων</em></strong></span> <span class='ocrx_word' id='word_1_49' title='bbox 965 938 1152 1017; x_wconf 77' lang='grc' dir='ltr'><strong><em>λημμάτων</em></strong></span> 
     </span>
     <span class='ocr_line' id='line_1_8' title="bbox 166 1039 1150 1123; baseline 0 -19"><span class='ocrx_word' id='word_1_50' title='bbox 166 1041 415 1123; x_wconf 72' lang='grc' dir='ltr'><strong><em>ἀπαλλαγείητε,</em></strong></span> <span class='ocrx_word' id='word_1_51' title='bbox 450 1042 471 1103; x_wconf 79' lang='grc' dir='ltr'><strong><em>οἳ</em></strong></span> <span class='ocrx_word' id='word_1_52' title='bbox 498 1050 566 1114; x_wconf 83' lang='grc' dir='ltr'><strong><em>τοῖς</em></strong></span> <span class='ocrx_word' id='word_1_53' title='bbox 593 1039 774 1103; x_wconf 81' lang='grc' dir='ltr'><strong><em>ἀσθενοῦσι</em></strong></span> <span class='ocrx_word' id='word_1_54' title='bbox 801 1040 892 1121; x_wconf 79' lang='grc' dir='ltr'><strong><em>παρά</em></strong></span> <span class='ocrx_word' id='word_1_55' title='bbox 919 1049 986 1103; x_wconf 87' lang='grc' dir='ltr'><strong><em>τῶν</em></strong></span> <span class='ocrx_word' id='word_1_56' title='bbox 1018 1039 1150 1123; x_wconf 78' lang='grc' dir='ltr'><strong><em>ἰατρῶν</em></strong></span> 
     </span>
     <span class='ocr_line' id='line_1_9' title="bbox 166 1141 1150 1227; baseline 0.001 -19"><span class='ocrx_word' id='word_1_57' title='bbox 166 1147 279 1221; x_wconf 86' lang='grc' dir='ltr'><strong><em>σιτίοις</em></strong></span> <span class='ocrx_word' id='word_1_58' title='bbox 308 1145 494 1227; x_wconf 77' lang='grc' dir='ltr'><strong><em>διδομένοις</em></strong></span> <span class='ocrx_word' id='word_1_59' title='bbox 521 1145 615 1207; x_wconf 82' lang='grc' dir='ltr'><strong><em>ἔοικε.</em></strong></span> <span class='ocrx_word' id='word_1_60' title='bbox 660 1144 715 1207; x_wconf 81' lang='grc' dir='ltr'><strong><em>καὶ</em></strong></span> <span class='ocrx_word' id='word_1_61' title='bbox 744 1145 808 1225; x_wconf 87' lang='grc' dir='ltr'><strong><em>γάρ</em></strong></span> <span class='ocrx_word' id='word_1_62' title='bbox 836 1143 929 1208; x_wconf 76' lang='grc' dir='ltr'><strong><em>ἐκεῖν’</em></strong></span> <span class='ocrx_word' id='word_1_63' title='bbox 953 1141 1019 1208; x_wconf 83' lang='grc' dir='ltr'><strong><em>οὔτ’</em></strong></span> <span class='ocrx_word' id='word_1_64' title='bbox 1044 1145 1150 1227; x_wconf 83' lang='grc' dir='ltr'><strong><em>ἰσχὺν</em></strong></span> 
     </span>
     <span class='ocr_line' id='line_1_10' title="bbox 165 1247 1147 1331; baseline 0 -16"><span class='ocrx_word' id='word_1_65' title='bbox 165 1250 334 1330; x_wconf 80' lang='grc' dir='ltr'><strong><em>ἐντίθησιν</em></strong></span> <span class='ocrx_word' id='word_1_66' title='bbox 357 1251 425 1312; x_wconf 85' lang='grc' dir='ltr'><strong><em>οὔτ’</em></strong></span> <span class='ocrx_word' id='word_1_67' title='bbox 442 1248 665 1331; x_wconf 77' lang='grc' dir='ltr'><strong><em>ἀποθνῄσκειν</em></strong></span> <span class='ocrx_word' id='word_1_68' title='bbox 687 1247 742 1331; x_wconf 74' lang='grc' dir='ltr'><strong><em>ἐᾷ·</em></strong></span> <span class='ocrx_word' id='word_1_69' title='bbox 764 1248 820 1310; x_wconf 84' lang='grc' dir='ltr'><strong><em>καλ</em></strong></span> <span class='ocrx_word' id='word_1_70' title='bbox 834 1251 942 1326; x_wconf 80' lang='grc' dir='ltr'><strong><em>ταῦθ’,</em></strong></span> <span class='ocrx_word' id='word_1_71' title='bbox 965 1249 1147 1330; x_wconf 81' lang='grc' dir='ltr'><strong><em>ἃνὲμεσθε</em></strong></span> 
     </span>
     <span class='ocr_line' id='line_1_11' title="bbox 163 1349 1148 1436; baseline 0.001 -19"><span class='ocrx_word' id='word_1_72' title='bbox 163 1362 227 1417; x_wconf 79' lang='grc' dir='ltr'><strong><em>νῦν</em></strong></span> <span class='ocrx_word' id='word_1_73' title='bbox 256 1352 363 1433; x_wconf 83' lang='grc' dir='ltr'><strong><em>ὑμεῖς,</em></strong></span> <span class='ocrx_word' id='word_1_74' title='bbox 397 1353 472 1414; x_wconf 80' lang='grc' dir='ltr'><strong><em>οὔτε</em></strong></span> <span class='ocrx_word' id='word_1_75' title='bbox 501 1354 631 1413; x_wconf 82' lang='grc' dir='ltr'><strong><em>τοσαῦτ’</em></strong></span> <span class='ocrx_word' id='word_1_76' title='bbox 655 1349 746 1414; x_wconf 80' lang='grc' dir='ltr'><strong><em>ἐστὶν</em></strong></span> <span class='ocrx_word' id='word_1_77' title='bbox 767 1352 840 1413; x_wconf 81' lang='grc' dir='ltr'><strong><em>ὥστ’</em></strong></span> <span class='ocrx_word' id='word_1_78' title='bbox 865 1351 1025 1436; x_wconf 80' lang='grc' dir='ltr'><strong><em>ὠφέλειαν</em></strong></span> <span class='ocrx_word' id='word_1_79' title='bbox 1056 1352 1148 1435; x_wconf 78' lang='grc' dir='ltr'><strong><em>ἔχειν</em></strong></span> 
     </span>
     <span class='ocr_line' id='line_1_12' title="bbox 164 1454 1145 1541; baseline 0 -22"><span class='ocrx_word' id='word_1_80' title='bbox 164 1455 237 1519; x_wconf 84' lang='grc' dir='ltr'><strong><em>τινά</em></strong></span> <span class='ocrx_word' id='word_1_81' title='bbox 261 1455 395 1537; x_wconf 76' lang='grc' dir='ltr'><strong><em>διαρκῆ,</em></strong></span> <span class='ocrx_word' id='word_1_82' title='bbox 424 1455 492 1517; x_wconf 85' lang='grc' dir='ltr'><strong><em>οὔτ’</em></strong></span> <span class='ocrx_word' id='word_1_83' title='bbox 518 1454 722 1534; x_wconf 87' lang='grc' dir='ltr'><strong><em>ἀπογνόντας</em></strong></span> <span class='ocrx_word' id='word_1_84' title='bbox 751 1456 828 1517; x_wconf 86' lang='grc' dir='ltr'><strong><em>ἀλλο</em></strong></span> <span class='ocrx_word' id='word_1_85' title='bbox 851 1475 882 1517; x_wconf 92' lang='grc' dir='ltr'><strong><em>τι</em></strong></span> <span class='ocrx_word' id='word_1_86' title='bbox 909 1457 1063 1537; x_wconf 87' lang='grc' dir='ltr'><strong><em>πράττειν</em></strong></span> <span class='ocrx_word' id='word_1_87' title='bbox 1092 1455 1145 1541; x_wconf 80' lang='grc' dir='ltr'><strong><em>ἐᾷ,</em></strong></span> 
     </span>
     <span class='ocr_line' id='line_1_13' title="bbox 167 1557 1145 1642; baseline 0 -19"><span class='ocrx_word' id='word_1_88' title='bbox 167 1560 234 1623; x_wconf 85' lang='grc' dir='ltr'><strong><em>ἀλλ’</em></strong></span> <span class='ocrx_word' id='word_1_89' title='bbox 258 1557 327 1623; x_wconf 76' lang='grc' dir='ltr'><strong><em>ἔστι</em></strong></span> <span class='ocrx_word' id='word_1_90' title='bbox 348 1567 451 1639; x_wconf 80' lang='grc' dir='ltr'><strong><em>ταῦτα</em></strong></span> <span class='ocrx_word' id='word_1_91' title='bbox 479 1558 539 1640; x_wconf 76' lang='grc' dir='ltr'><strong><em>την</em></strong></span> <span class='ocrx_word' id='word_1_92' title='bbox 561 1558 701 1622; x_wconf 76' lang='grc' dir='ltr'><strong><em>ἑκάστου</em></strong></span> <span class='ocrx_word' id='word_1_93' title='bbox 724 1557 895 1642; x_wconf 74' lang='grc' dir='ltr'><strong><em>ῥᾳθυμίαν</em></strong></span> <span class='ocrx_word' id='word_1_94' title='bbox 922 1559 1016 1639; x_wconf 81' lang='grc' dir='ltr'><strong><em>ὑμῶν</em></strong></span> <span class='ocrx_word' id='word_1_95' title='bbox 1042 1558 1145 1623; x_wconf 79' lang='grc' dir='ltr'><strong><em>ίιιαυ·</em></strong></span> 
     </span>
    </p>

    <p class='ocr_par' dir='ltr' id='par_1_3' title="bbox 122 1662 1238 2782">
     <span class='ocr_line' id='line_1_14' title="bbox 122 1662 1143 1746; baseline -0.001 -17"><span class='ocrx_word' id='word_1_96' title='bbox 122 1663 315 1741; x_wconf 83' lang='grc' dir='ltr'><strong><em>34ξάνοντα.</em></strong></span> <span class='ocrx_word' id='word_1_97' title='bbox 360 1662 485 1725; x_wconf 79' lang='grc' dir='ltr'><strong><em>οὐκοῦν</em></strong></span> <span class='ocrx_word' id='word_1_98' title='bbox 509 1663 551 1725; x_wconf 91' lang='grc' dir='ltr'><strong><em>σὺ</em></strong></span> <span class='ocrx_word' id='word_1_99' title='bbox 574 1663 786 1745; x_wconf 76' lang='grc' dir='ltr'><strong><em>μισθοφοράν</em></strong></span> <span class='ocrx_word' id='word_1_100' title='bbox 812 1664 931 1743; x_wconf 70' lang='grc' dir='ltr'><strong><em>λέγειςς</em></strong></span> <span class='ocrx_word' id='word_1_101' title='bbox 964 1664 1061 1746; x_wconf 82' lang='grc' dir='ltr'><strong><em>φήσει</em></strong></span> <span class='ocrx_word' id='word_1_102' title='bbox 1081 1685 1143 1740; x_wconf 90' lang='grc' dir='ltr'><strong><em>τις.</em></strong></span> 
     </span>
     <span class='ocr_line' id='line_1_15' title="bbox 164 1763 1144 1850; baseline 0 -19"><span class='ocrx_word' id='word_1_103' title='bbox 164 1768 219 1831; x_wconf 82' lang='grc' dir='ltr'><strong><em>καὶ</em></strong></span> <span class='ocrx_word' id='word_1_104' title='bbox 241 1767 439 1850; x_wconf 70' lang='grc' dir='ltr'><strong><em>παραχρῆμά</em></strong></span> <span class='ocrx_word' id='word_1_105' title='bbox 460 1787 497 1847; x_wconf 89' lang='grc' dir='ltr'><strong><em>γε</em></strong></span> <span class='ocrx_word' id='word_1_106' title='bbox 519 1765 579 1847; x_wconf 74' lang='grc' dir='ltr'><strong><em>τὴν</em></strong></span> <span class='ocrx_word' id='word_1_107' title='bbox 601 1765 707 1847; x_wconf 76' lang='grc' dir='ltr'><strong><em>αὐτὴν</em></strong></span> <span class='ocrx_word' id='word_1_108' title='bbox 735 1763 889 1841; x_wconf 85' lang='grc' dir='ltr'><strong><em>σύνταξιν</em></strong></span> <span class='ocrx_word' id='word_1_109' title='bbox 915 1767 1084 1846; x_wconf 83' lang='grc' dir='ltr'><strong><em>ἀπάντων,</em></strong></span> <span class='ocrx_word' id='word_1_110' title='bbox 1117 1766 1144 1831; x_wconf 79' lang='grc' dir='ltr'><strong><em>ὦ</em></strong></span> 
     </span>
     <span class='ocr_line' id='line_1_16' title="bbox 164 1866 1145 1955; baseline 0.001 -22"><span class='ocrx_word' id='word_1_111' title='bbox 164 1871 282 1954; x_wconf 79' lang='grc' dir='ltr'><strong><em>ἄνδρες</em></strong></span> <span class='ocrx_word' id='word_1_112' title='bbox 300 1866 487 1951; x_wconf 76' lang='grc' dir='ltr'><strong><em>Ἀθηναῖοι,</em></strong></span> <span class='ocrx_word' id='word_1_113' title='bbox 517 1867 580 1931; x_wconf 80' lang='grc' dir='ltr'><strong><em>ἵνα</em></strong></span> <span class='ocrx_word' id='word_1_114' title='bbox 599 1878 665 1932; x_wconf 88' lang='grc' dir='ltr'><strong><em>τῶν</em></strong></span> <span class='ocrx_word' id='word_1_115' title='bbox 686 1878 808 1933; x_wconf 85' lang='grc' dir='ltr'><strong><em>κοινῶν</em></strong></span> <span class='ocrx_word' id='word_1_116' title='bbox 830 1868 964 1945; x_wconf 77' lang='grc' dir='ltr'><strong><em>ἕκαστος</em></strong></span> <span class='ocrx_word' id='word_1_117' title='bbox 985 1869 1022 1933; x_wconf 88' lang='grc' dir='ltr'><strong><em>ιδ</em></strong></span> <span class='ocrx_word' id='word_1_118' title='bbox 1044 1872 1145 1955; x_wconf 83' lang='grc' dir='ltr'><strong><em>μέρος</em></strong></span> 
     </span>
     <span class='ocr_line' id='line_1_17' title="bbox 165 1972 1144 2056; baseline 0.002 -19"><span class='ocrx_word' id='word_1_119' title='bbox 165 1975 350 2056; x_wconf 87' lang='grc' dir='ltr'><strong><em>λαμβάνων,</em></strong></span> <span class='ocrx_word' id='word_1_120' title='bbox 375 1973 454 2035; x_wconf 82' lang='grc' dir='ltr'><strong><em>ὅτου</em></strong></span> <span class='ocrx_word' id='word_1_121' title='bbox 466 1972 568 2036; x_wconf 80' lang='grc' dir='ltr'><strong><em>δέοιθ’</em></strong></span> <span class='ocrx_word' id='word_1_122' title='bbox 583 1973 603 2054; x_wconf 76' lang='grc' dir='ltr'><em>ἡ</em></span> <span class='ocrx_word' id='word_1_123' title='bbox 620 1973 722 2052; x_wconf 82' lang='grc' dir='ltr'><strong><em>πόλις,</em></strong></span> <span class='ocrx_word' id='word_1_124' title='bbox 738 1976 830 2036; x_wconf 77' lang='grc' dir='ltr'><strong><em>τοῦθ</em></strong></span> <span class='ocrx_word' id='word_1_125' title='bbox 846 1973 997 2056; x_wconf 83' lang='grc' dir='ltr'><strong><em>ὑπάρχοι.</em></strong></span> <span class='ocrx_word' id='word_1_126' title='bbox 1021 1972 1144 2051; x_wconf 77' lang='grc' dir='ltr'><strong><em>ἔξεστιν</em></strong></span> 
     </span>
     <span class='ocr_line' id='line_1_18' title="bbox 164 2072 1143 2159; baseline 0 -18"><span class='ocrx_word' id='word_1_127' title='bbox 164 2081 257 2159; x_wconf 86' lang='grc' dir='ltr'><strong><em>άγειν</em></strong></span> <span class='ocrx_word' id='word_1_128' title='bbox 278 2076 434 2158; x_wconf 75' lang='grc' dir='ltr'><strong><em>ἡσυχίαν·</em></strong></span> <span class='ocrx_word' id='word_1_129' title='bbox 458 2079 543 2139; x_wconf 90' lang='grc' dir='ltr'><strong><em>οίκοι</em></strong></span> <span class='ocrx_word' id='word_1_130' title='bbox 565 2078 673 2157; x_wconf 75' lang='grc' dir='ltr'><strong><em>μένων</em></strong></span> <span class='ocrx_word' id='word_1_131' title='bbox 695 2077 840 2158; x_wconf 85' lang='grc' dir='ltr'><strong><em>βελτίων,</em></strong></span> <span class='ocrx_word' id='word_1_132' title='bbox 862 2087 923 2140; x_wconf 85' lang='grc' dir='ltr'><strong><em>τοῦ</em></strong></span> <span class='ocrx_word' id='word_1_133' title='bbox 945 2079 987 2140; x_wconf 89' lang='grc' dir='ltr'><strong><em>δι’</em></strong></span> <span class='ocrx_word' id='word_1_134' title='bbox 1012 2072 1143 2143; x_wconf 80' lang='grc' dir='ltr'><strong><em>ἔνδειαν</em></strong></span> 
     </span>
     <span class='ocr_line' id='line_1_19' title="bbox 165 2179 1143 2266; baseline 0.002 -21"><span class='ocrx_word' id='word_1_135' title='bbox 165 2182 290 2265; x_wconf 80' lang='grc' dir='ltr'><strong><em>ἀνάγκη</em></strong></span> <span class='ocrx_word' id='word_1_136' title='bbox 306 2203 337 2244; x_wconf 90' lang='grc' dir='ltr'><strong><em>τι</em></strong></span> <span class='ocrx_word' id='word_1_137' title='bbox 359 2190 467 2244; x_wconf 82' lang='grc' dir='ltr'><strong><em>ποιεῖν</em></strong></span> <span class='ocrx_word' id='word_1_138' title='bbox 489 2179 624 2264; x_wconf 82' lang='grc' dir='ltr'><strong><em>αἰσχρὸν</em></strong></span> <span class='ocrx_word' id='word_1_139' title='bbox 646 2181 899 2264; x_wconf 81' lang='grc' dir='ltr'><strong><em>ἀπηλλαγμένος.</em></strong></span> <span class='ocrx_word' id='word_1_140' title='bbox 923 2185 1096 2266; x_wconf 82' lang='grc' dir='ltr'><strong><em>συμβαίνει</em></strong></span> <span class='ocrx_word' id='word_1_141' title='bbox 1110 2207 1143 2247; x_wconf 89' lang='grc' dir='ltr'><strong><em>τι</em></strong></span> 
     </span>
     <span class='ocr_line' id='line_1_20' title="bbox 163 2282 1141 2371; baseline 0.001 -22"><span class='ocrx_word' id='word_1_142' title='bbox 163 2293 315 2350; x_wconf 90' lang='grc' dir='ltr'><strong><em>τοιοῦτον</em></strong></span> <span class='ocrx_word' id='word_1_143' title='bbox 344 2282 417 2348; x_wconf 93' lang='grc' dir='ltr'><strong><em>οίον</em></strong></span> <span class='ocrx_word' id='word_1_144' title='bbox 438 2285 494 2347; x_wconf 84' lang='grc' dir='ltr'><strong><em>καλ</em></strong></span> <span class='ocrx_word' id='word_1_145' title='bbox 515 2284 556 2347; x_wconf 76' lang='grc' dir='ltr'><strong><em>τὰ</em></strong></span> <span class='ocrx_word' id='word_1_146' title='bbox 577 2294 658 2347; x_wconf 84' lang='grc' dir='ltr'><strong><em>νῦν·</em></strong></span> <span class='ocrx_word' id='word_1_147' title='bbox 687 2287 886 2367; x_wconf 80' lang='grc' dir='ltr'><strong><em>στρατιώτης</em></strong></span> <span class='ocrx_word' id='word_1_148' title='bbox 912 2286 1011 2361; x_wconf 84' lang='grc' dir='ltr'><strong><em>αὐτὸς</em></strong></span> <span class='ocrx_word' id='word_1_149' title='bbox 1039 2287 1141 2371; x_wconf 81' lang='grc' dir='ltr'><strong><em>ὑπάρ-</em></strong></span> 
     </span>
     <span class='ocr_line' id='line_1_21' title="bbox 164 2384 1238 2473; baseline 0 -21"><span class='ocrx_word' id='word_1_150' title='bbox 164 2411 232 2471; x_wconf 86' lang='grc' dir='ltr'><strong><em>χων</em></strong></span> <span class='ocrx_word' id='word_1_151' title='bbox 254 2389 319 2452; x_wconf 85' lang='grc' dir='ltr'><strong><em>άπδ</em></strong></span> <span class='ocrx_word' id='word_1_152' title='bbox 340 2397 407 2452; x_wconf 84' lang='grc' dir='ltr'><strong><em>τῶν</em></strong></span> <span class='ocrx_word' id='word_1_153' title='bbox 429 2388 540 2452; x_wconf 86' lang='grc' dir='ltr'><strong><em>αὐτῶν</em></strong></span> <span class='ocrx_word' id='word_1_154' title='bbox 561 2389 689 2451; x_wconf 92' lang='grc' dir='ltr'><strong><em>τούτων</em></strong></span> <span class='ocrx_word' id='word_1_155' title='bbox 715 2390 907 2470; x_wconf 76' lang='grc' dir='ltr'><strong><em>λημμάτων,</em></strong></span> <span class='ocrx_word' id='word_1_156' title='bbox 936 2390 1046 2473; x_wconf 82' lang='grc' dir='ltr'><strong><em>ὥσπερ</em></strong></span> <span class='ocrx_word' id='word_1_157' title='bbox 1074 2389 1142 2454; x_wconf 78' lang='grc' dir='ltr'><strong><em>ἐστὶ</em></strong></span> <span class='ocrx_word' id='word_1_158' title='bbox 1236 2384 1238 2411; x_wconf 91' lang='lat'>&#39;</span> 
     </span>
     <span class='ocr_line' id='line_1_22' title="bbox 164 2491 1142 2575; baseline 0.002 -20"><span class='ocrx_word' id='word_1_159' title='bbox 164 2493 294 2556; x_wconf 86' lang='grc' dir='ltr'><strong><em>δίκαιον</em></strong></span> <span class='ocrx_word' id='word_1_160' title='bbox 315 2491 398 2573; x_wconf 77' lang='grc' dir='ltr'><strong><em>ὑπὲρ</em></strong></span> <span class='ocrx_word' id='word_1_161' title='bbox 420 2498 477 2572; x_wconf 81' lang='grc' dir='ltr'><strong><em>της</em></strong></span> <span class='ocrx_word' id='word_1_162' title='bbox 498 2491 665 2575; x_wconf 79' lang='grc' dir='ltr'><strong><em>πατρίδος.</em></strong></span> <span class='ocrx_word' id='word_1_163' title='bbox 696 2491 763 2554; x_wconf 81' lang='grc' dir='ltr'><strong><em>ἔστι</em></strong></span> <span class='ocrx_word' id='word_1_164' title='bbox 784 2513 834 2568; x_wconf 91' lang='grc' dir='ltr'><strong><em>τις</em></strong></span> <span class='ocrx_word' id='word_1_165' title='bbox 856 2491 914 2569; x_wconf 82' lang='grc' dir='ltr'><strong><em>ἔξω</em></strong></span> <span class='ocrx_word' id='word_1_166' title='bbox 937 2500 994 2574; x_wconf 78' lang='grc' dir='ltr'><strong><em>τῆς</em></strong></span> <span class='ocrx_word' id='word_1_167' title='bbox 1015 2493 1142 2575; x_wconf 75' lang='grc' dir='ltr'><strong><em>ἡλικίας</em></strong></span> 
     </span>
     <span class='ocr_line' id='line_1_23' title="bbox 162 2593 1238 2683; baseline 0.003 -25"><span class='ocrx_word' id='word_1_168' title='bbox 162 2595 272 2677; x_wconf 77' lang='grc' dir='ltr'><strong><em>ἡμῶν·</em></strong></span> <span class='ocrx_word' id='word_1_169' title='bbox 297 2594 345 2657; x_wconf 89' lang='grc' dir='ltr'><strong><em>ὅσ’</em></strong></span> <span class='ocrx_word' id='word_1_170' title='bbox 362 2593 458 2669; x_wconf 78' lang='grc' dir='ltr'><strong><em>οὗτος</em></strong></span> <span class='ocrx_word' id='word_1_171' title='bbox 479 2594 624 2668; x_wconf 83' lang='grc' dir='ltr'><strong><em>ἀτάκτως</em></strong></span> <span class='ocrx_word' id='word_1_172' title='bbox 645 2604 709 2657; x_wconf 81' lang='grc' dir='ltr'><strong><em>νῦν</em></strong></span> <span class='ocrx_word' id='word_1_173' title='bbox 730 2595 906 2678; x_wconf 89' lang='grc' dir='ltr'><strong><em>λαμβάνων</em></strong></span> <span class='ocrx_word' id='word_1_174' title='bbox 929 2597 991 2659; x_wconf 84' lang='grc' dir='ltr'><strong><em>οὐκ</em></strong></span> <span class='ocrx_word' id='word_1_175' title='bbox 1014 2595 1139 2679; x_wconf 79' lang='grc' dir='ltr'><strong><em>ὠφελεῖ,</em></strong></span> <span class='ocrx_word' id='word_1_176' title='bbox 1237 2626 1238 2683; x_wconf 66' lang='lat'>3</span> 
     </span>
     <span class='ocr_line' id='line_1_24' title="bbox 160 2696 1130 2782; baseline 0.004 -21"><span class='ocrx_word' id='word_1_177' title='bbox 160 2701 249 2761; x_wconf 81' lang='grc' dir='ltr'><strong><em>ταῦτ’</em></strong></span> <span class='ocrx_word' id='word_1_178' title='bbox 268 2696 305 2761; x_wconf 80' lang='grc' dir='ltr'><strong><em>ἐν</em></strong></span> <span class='ocrx_word' id='word_1_179' title='bbox 317 2701 370 2781; x_wconf 79' lang='grc' dir='ltr'><strong><em>ἴση</em></strong></span> <span class='ocrx_word' id='word_1_180' title='bbox 381 2697 468 2773; x_wconf 83' lang='grc' dir='ltr'><strong><em>τάξει</em></strong></span> <span class='ocrx_word' id='word_1_181' title='bbox 484 2700 660 2780; x_wconf 85' lang='grc' dir='ltr'><strong><em>λαμβάνων</em></strong></span> <span class='ocrx_word' id='word_1_182' title='bbox 674 2700 765 2762; x_wconf 84' lang='grc' dir='ltr'><strong><em>πάντ’</em></strong></span> <span class='ocrx_word' id='word_1_183' title='bbox 782 2698 913 2782; x_wconf 81' lang='grc' dir='ltr'><strong><em>ἐφορῶν</em></strong></span> <span class='ocrx_word' id='word_1_184' title='bbox 927 2701 983 2763; x_wconf 80' lang='grc' dir='ltr'><strong><em>καὶ</em></strong></span> <span class='ocrx_word' id='word_1_185' title='bbox 995 2702 1130 2765; x_wconf 79' lang='grc' dir='ltr'><strong><em>διοικῶν</em></strong></span> 
     </span>
    </p>

    <p class='ocr_par' dir='ltr' id='par_1_4' title="bbox 117 2803 1139 2991">
     <span class='ocr_line' id='line_1_25' title="bbox 117 2803 1137 2889; baseline 0.003 -22"><span class='ocrx_word' id='word_1_186' title='bbox 117 2805 182 2868; x_wconf 72' lang='grc' dir='ltr'><strong><em>σεδ</em></strong></span> <span class='ocrx_word' id='word_1_187' title='bbox 197 2804 257 2887; x_wconf 75' lang='grc' dir='ltr'><strong><em>χρη</em></strong></span> <span class='ocrx_word' id='word_1_188' title='bbox 272 2805 482 2886; x_wconf 85' lang='grc' dir='ltr'><strong><em>πράττεσθαι.</em></strong></span> <span class='ocrx_word' id='word_1_189' title='bbox 513 2804 595 2878; x_wconf 84' lang='grc' dir='ltr'><strong><em>ὅλως</em></strong></span> <span class='ocrx_word' id='word_1_190' title='bbox 610 2803 640 2865; x_wconf 89' lang='grc' dir='ltr'><strong><em>δ’</em></strong></span> <span class='ocrx_word' id='word_1_191' title='bbox 657 2805 726 2867; x_wconf 81' lang='grc' dir='ltr'><strong><em>οὔτ’</em></strong></span> <span class='ocrx_word' id='word_1_192' title='bbox 743 2803 875 2886; x_wconf 79' lang='grc' dir='ltr'><strong><em>ἀφελὼν</em></strong></span> <span class='ocrx_word' id='word_1_193' title='bbox 889 2807 965 2868; x_wconf 82' lang='grc' dir='ltr'><strong><em>οὔτε</em></strong></span> <span class='ocrx_word' id='word_1_194' title='bbox 980 2807 1137 2889; x_wconf 83' lang='grc' dir='ltr'><strong><em>προσθεὶς</em></strong></span> 
     </span>
     <span class='ocr_line' id='line_1_26' title="bbox 165 2904 1139 2991; baseline 0.002 -22"><span class='ocrx_word' id='word_1_195' title='bbox 165 2906 251 2989; x_wconf 78' lang='grc' dir='ltr'><strong><em>πλὴν</em></strong></span> <span class='ocrx_word' id='word_1_196' title='bbox 273 2916 408 2991; x_wconf 81' lang='grc' dir='ltr'><strong><em>μικρῶν,</em></strong></span> <span class='ocrx_word' id='word_1_197' title='bbox 436 2906 497 2989; x_wconf 79' lang='grc' dir='ltr'><strong><em>τὴν</em></strong></span> <span class='ocrx_word' id='word_1_198' title='bbox 519 2904 654 2982; x_wconf 83' lang='grc' dir='ltr'><strong><em>ἀταξίαν</em></strong></span> <span class='ocrx_word' id='word_1_199' title='bbox 684 2905 809 2970; x_wconf 80' lang='grc' dir='ltr'><strong><em>ἀνελὼν</em></strong></span> <span class='ocrx_word' id='word_1_200' title='bbox 831 2907 877 2982; x_wconf 85' lang='grc' dir='ltr'><strong><em>είς</em></strong></span> <span class='ocrx_word' id='word_1_201' title='bbox 897 2905 989 2983; x_wconf 85' lang='grc' dir='ltr'><strong><em>τάξιν</em></strong></span> <span class='ocrx_word' id='word_1_202' title='bbox 1017 2910 1139 2991; x_wconf 71' lang='grc' dir='ltr'><strong><em>ἤγαγον</em></strong></span> 
     </span>
    </p>

    <p class='ocr_par' dir='ltr' id='par_1_5' title="bbox 93 3003 1140 3607">
     <span class='ocr_line' id='line_1_27' title="bbox 93 3003 1137 3094; baseline 0.001 -21"><span class='ocrx_word' id='word_1_203' title='bbox 93 3003 95 3007; x_wconf 64' lang='grc'><strong>’</strong></span> <span class='ocrx_word' id='word_1_204' title='bbox 162 3011 223 3093; x_wconf 80' lang='grc' dir='ltr'><strong><em>την</em></strong></span> <span class='ocrx_word' id='word_1_205' title='bbox 244 3012 342 3076; x_wconf 86' lang='grc' dir='ltr'><strong><em>πόλιν</em></strong></span> <span class='ocrx_word' id='word_1_206' title='bbox 358 3010 417 3094; x_wconf 79' lang='grc' dir='ltr'><strong><em>την</em></strong></span> <span class='ocrx_word' id='word_1_207' title='bbox 440 3009 545 3092; x_wconf 75' lang='grc' dir='ltr'><strong><em>αὐτὴν</em></strong></span> <span class='ocrx_word' id='word_1_208' title='bbox 565 3019 627 3073; x_wconf 85' lang='grc' dir='ltr'><strong><em>τοῦ</em></strong></span> <span class='ocrx_word' id='word_1_209' title='bbox 648 3011 777 3092; x_wconf 84' lang='grc' dir='ltr'><strong><em>λαβεῖν,</em></strong></span> <span class='ocrx_word' id='word_1_210' title='bbox 806 3020 866 3073; x_wconf 81' lang='grc' dir='ltr'><strong><em>τοῦ</em></strong></span> <span class='ocrx_word' id='word_1_211' title='bbox 895 3014 1137 3094; x_wconf 85' lang='grc' dir='ltr'><strong><em>στρατεύεσθαι,</em></strong></span> 
     </span>
     <span class='ocr_line' id='line_1_28' title="bbox 163 3116 1138 3198; baseline 0.002 -19"><span class='ocrx_word' id='word_1_212' title='bbox 163 3126 223 3180; x_wconf 85' lang='grc' dir='ltr'><strong><em>τοῦ</em></strong></span> <span class='ocrx_word' id='word_1_213' title='bbox 252 3117 411 3195; x_wconf 80' lang='grc' dir='ltr'><strong><em>δικάζειν,</em></strong></span> <span class='ocrx_word' id='word_1_214' title='bbox 444 3124 504 3179; x_wconf 87' lang='grc' dir='ltr'><strong><em>τοῦ</em></strong></span> <span class='ocrx_word' id='word_1_215' title='bbox 532 3123 639 3179; x_wconf 77' lang='grc' dir='ltr'><strong><em>ποιεῖν</em></strong></span> <span class='ocrx_word' id='word_1_216' title='bbox 665 3118 769 3195; x_wconf 85' lang='grc' dir='ltr'><strong><em>τοῦθ’,</em></strong></span> <span class='ocrx_word' id='word_1_217' title='bbox 804 3116 824 3178; x_wconf 85' lang='grc' dir='ltr'>ὅ</span> <span class='ocrx_word' id='word_1_218' title='bbox 850 3138 882 3178; x_wconf 89' lang='grc' dir='ltr'><strong><em>τι</em></strong></span> <span class='ocrx_word' id='word_1_219' title='bbox 907 3119 983 3179; x_wconf 87' lang='grc' dir='ltr'><strong><em>καθ’</em></strong></span> <span class='ocrx_word' id='word_1_220' title='bbox 1011 3116 1138 3198; x_wconf 80' lang='grc' dir='ltr'><strong><em>ἡλικίαν</em></strong></span> 
     </span>
     <span class='ocr_line' id='line_1_29' title="bbox 164 3217 1138 3301; baseline 0.002 -20"><span class='ocrx_word' id='word_1_221' title='bbox 164 3217 297 3294; x_wconf 76' lang='grc' dir='ltr'><strong><em>ἕκαστος</em></strong></span> <span class='ocrx_word' id='word_1_222' title='bbox 326 3218 391 3301; x_wconf 78' lang='grc' dir='ltr'><strong><em>ἔχοι</em></strong></span> <span class='ocrx_word' id='word_1_223' title='bbox 421 3219 477 3281; x_wconf 84' lang='grc' dir='ltr'><strong><em>καλ</em></strong></span> <span class='ocrx_word' id='word_1_224' title='bbox 508 3220 587 3281; x_wconf 80' lang='grc' dir='ltr'><strong><em>ὅτου</em></strong></span> <span class='ocrx_word' id='word_1_225' title='bbox 616 3218 729 3301; x_wconf 88' lang='grc' dir='ltr'><strong><em>καιρὸς</em></strong></span> <span class='ocrx_word' id='word_1_226' title='bbox 757 3222 816 3300; x_wconf 76' lang='grc' dir='ltr'><strong><em>εἴη.</em></strong></span> <span class='ocrx_word' id='word_1_227' title='bbox 861 3218 924 3281; x_wconf 86' lang='grc' dir='ltr'><strong><em>οὐκ</em></strong></span> <span class='ocrx_word' id='word_1_228' title='bbox 945 3217 1034 3282; x_wconf 73' lang='grc' dir='ltr'><strong><em>ἔστιν</em></strong></span> <span class='ocrx_word' id='word_1_229' title='bbox 1057 3221 1138 3283; x_wconf 69' lang='grc' dir='ltr'><strong><em>ὅπου</em></strong></span> 
     </span>
     <span class='ocr_line' id='line_1_30' title="bbox 164 3317 1140 3404; baseline 0.001 -21"><span class='ocrx_word' id='word_1_230' title='bbox 164 3319 268 3404; x_wconf 78' lang='grc' dir='ltr'><strong><em>μηδὲν</em></strong></span> <span class='ocrx_word' id='word_1_231' title='bbox 288 3320 352 3403; x_wconf 79' lang='grc' dir='ltr'><strong><em>ἐγὼ</em></strong></span> <span class='ocrx_word' id='word_1_232' title='bbox 375 3330 530 3384; x_wconf 83' lang='grc' dir='ltr'><strong><em>ποιοῦσιν</em></strong></span> <span class='ocrx_word' id='word_1_233' title='bbox 552 3321 592 3384; x_wconf 87' lang='grc' dir='ltr'><strong><em>τδι</em></strong></span> <span class='ocrx_word' id='word_1_234' title='bbox 614 3329 681 3385; x_wconf 90' lang='grc' dir='ltr'><strong><em>τῶν</em></strong></span> <span class='ocrx_word' id='word_1_235' title='bbox 701 3323 888 3385; x_wconf 86' lang='grc' dir='ltr'><strong><em>ποιούντων</em></strong></span> <span class='ocrx_word' id='word_1_236' title='bbox 910 3317 1003 3386; x_wconf 88' lang='grc' dir='ltr'><strong><em>είπον</em></strong></span> <span class='ocrx_word' id='word_1_237' title='bbox 1026 3320 1071 3397; x_wconf 79' lang='grc' dir='ltr'><strong><em>ὡς</em></strong></span> <span class='ocrx_word' id='word_1_238' title='bbox 1091 3324 1140 3386; x_wconf 77' lang='grc' dir='ltr'><strong><em>δεῖ</em></strong></span> 
     </span>
     <span class='ocr_line' id='line_1_31' title="bbox 163 3422 1139 3507; baseline 0.002 -19"><span class='ocrx_word' id='word_1_239' title='bbox 163 3423 291 3505; x_wconf 80' lang='grc' dir='ltr'><strong><em>νέμειν,</em></strong></span> <span class='ocrx_word' id='word_1_240' title='bbox 319 3422 392 3487; x_wconf 81' lang='grc' dir='ltr'><strong><em>οὐδ’</em></strong></span> <span class='ocrx_word' id='word_1_241' title='bbox 418 3424 541 3497; x_wconf 83' lang='grc' dir='ltr'><strong><em>αὐτοὺς</em></strong></span> <span class='ocrx_word' id='word_1_242' title='bbox 562 3424 624 3505; x_wconf 77' lang='grc' dir='ltr'><strong><em>μὲν</em></strong></span> <span class='ocrx_word' id='word_1_243' title='bbox 646 3426 759 3507; x_wconf 85' lang='grc' dir='ltr'><strong><em>άργελν</em></strong></span> <span class='ocrx_word' id='word_1_244' title='bbox 779 3425 835 3487; x_wconf 88' lang='grc' dir='ltr'><strong><em>καλ</em></strong></span> <span class='ocrx_word' id='word_1_245' title='bbox 858 3427 1022 3507; x_wconf 78' lang='grc' dir='ltr'><strong><em>σχολάζειν</em></strong></span> <span class='ocrx_word' id='word_1_246' title='bbox 1043 3426 1139 3490; x_wconf 86' lang='grc' dir='ltr'><strong><em>κάπο·</em></strong></span> 
     </span>
     <span class='ocr_line' id='line_1_32' title="bbox 165 3525 1138 3607; baseline 0.004 -19"><span class='ocrx_word' id='word_1_247' title='bbox 165 3535 248 3607; x_wconf 85' lang='grc' dir='ltr'><strong><em>ρεῖν,</em></strong></span> <span class='ocrx_word' id='word_1_248' title='bbox 279 3526 328 3588; x_wconf 80' lang='grc' dir='ltr'><strong><em>ὅτι</em></strong></span> <span class='ocrx_word' id='word_1_249' title='bbox 350 3526 380 3588; x_wconf 92' lang='grc' dir='ltr'><strong><em>δ’</em></strong></span> <span class='ocrx_word' id='word_1_250' title='bbox 404 3526 436 3587; x_wconf 87' lang='grc' dir='ltr'><strong><em>ολ</em></strong></span> <span class='ocrx_word' id='word_1_251' title='bbox 457 3532 516 3588; x_wconf 81' lang='grc' dir='ltr'><strong><em>τοῦ</em></strong></span> <span class='ocrx_word' id='word_1_252' title='bbox 539 3526 648 3600; x_wconf 78' lang='grc' dir='ltr'><strong><em>δεῖνος</em></strong></span> <span class='ocrx_word' id='word_1_253' title='bbox 667 3535 782 3590; x_wconf 88' lang='grc' dir='ltr'><strong><em>νικῶσι</em></strong></span> <span class='ocrx_word' id='word_1_254' title='bbox 805 3525 907 3607; x_wconf 80' lang='grc' dir='ltr'><strong><em>ξένοι,</em></strong></span> <span class='ocrx_word' id='word_1_255' title='bbox 935 3538 1040 3593; x_wconf 86' lang='grc' dir='ltr'><strong><em>ταῦτα</em></strong></span> <span class='ocrx_word' id='word_1_256' title='bbox 1061 3549 1138 3593; x_wconf 87' lang='grc' dir='ltr'><strong><em>πνν·</em></strong></span> 
     </span>
    </p>
   </div>
   <div class='ocr_carea' id='block_1_3' title="bbox 0 0 1246 3992">
    <p class='ocr_par' dir='ltr' id='par_1_6' title="bbox 0 0 1246 3992">
     <span class='ocr_line' id='line_1_33' title="bbox 0 0 1246 3992; baseline 0 0"><span class='ocrx_word' id='word_1_257' title='bbox 0 0 1246 3992; x_wconf 95' lang='lat' dir='ltr'><strong><em> </em></strong></span> 
     </span>
    </p>
   </div>
  </div>
 </body>
</html>
