2484 3992
293 255 403 317 ΠΕΡΙ
423 254 523 316 ΤΩΝ
540 256 607 316 ΕΝ
625 253 931 317 ΧΕΡΡΟΝΗΣΩΙ.
1058 251 1097 315 71

110 442 157 505 τδι
184 442 246 523 μέν
268 444 444 526 φιλονικίᾳ,
465 442 506 504 τά
529 442 558 505 δ’
580 438 779 526 ᾑτινιδήποτ’
800 441 887 524 αἰτία
901 443 1101 522 προάγονται

110 546 238 626 λέγειν,
262 544 362 627 ύμάς,
386 541 412 608 δ
436 546 553 627 ἄνδρες
572 541 757 627 Ἀθηναῖοι,
785 544 862 618 τοὺς
889 546 1029 618 πολλοὺς
1051 546 1104 608 δεῖ

1 643 2 678 ³
111 650 232 712 πάντα
243 650 329 712 τᾶλλ’
342 648 532 731 άφελύντας,
556 649 577 710 ά
591 656 632 731 τῇ
646 649 738 711 πόλει
752 647 894 729 νομίζετε
911 647 1100 729 συμφέρειν,

111 761 228 815 ταῦτα
244 751 299 813 καί
314 753 513 834 ψηφίζεσθαι
527 751 583 814 καί
598 753 761 832 πράττειν.
785 750 805 831 ή
821 750 882 832 μὲν
897 746 960 813 οὖν
973 750 1131 832 σπουδήν

112 856 196 938 περὶ
231 863 298 918 τῶν
331 852 367 916 έν
393 852 592 938 Χερρονήσῳ
624 855 823 935 πραγμάτων
856 853 925 917 έστί
958 854 1013 916 καί
1045 860 1102 934 τῆς

114 961 310 1044 στρατείας,
343 960 386 1040 ήν
413 958 589 1023 ἑνδέκατον
614 967 703 1040 μήνα
730 959 861 1022 τουτονὶ
885 961 1045 1033 Φίλιππος
1066 957 1103 1022 έν

118 1066 239 1148 Θρᾴκη
266 1071 422 1126 ποιεῖται·
451 1070 518 1125 των
546 1062 582 1125 δὲ
609 1063 717 1144 λόγων
740 1062 772 1125 οἰ
793 1065 937 1126 πλεῖστοι
958 1063 1033 1145 περὶ
1056 1061 1103 1125 ὧν

115 1169 308 1249 Διοπείθης
334 1168 468 1250 πράττει
493 1168 549 1230 καί
576 1167 683 1247 μέλλει
709 1176 817 1229 ποιεῖν
838 1168 992 1249 εἴρηνται.
1038 1164 1102 1247 έγδι

116 1267 149 1332 δ’
177 1272 241 1335 ὅσα
263 1271 324 1353 μέν
345 1292 394 1345 τις
422 1271 566 1334 αἰτιάταί
584 1293 659 1333 τινα
680 1271 816 1348 τούτων,
839 1272 898 1344 οὓς
919 1270 1003 1332 κατὰ
1024 1271 1103 1344 τοὺς

117 1377 249 1456 νόμους
270 1373 321 1457 ἐφ’
344 1374 425 1456 ύμῖν
446 1373 544 1453 ἐστιν,
568 1373 648 1437 ὅταν
663 1374 836 1455 βούλησθε,
859 1374 1016 1452 κολάζειν,
1038 1373 1102 1435 κᾶν

116 1479 187 1561 ἤδη
204 1479 286 1562 δοκή
301 1477 365 1541 κᾶν
379 1477 567 1560 ἐπισχοῦσιν
583 1478 658 1558 περὶ
673 1476 785 1539 αὐτῶν
800 1487 933 1540 σκοπεῖν
947 1476 1103 1560 ἐγχωρεῖν

117 1581 279 1663 ἡγοῦμαι,
301 1582 357 1644 καί
380 1581 421 1645 ού
442 1583 532 1645 πάνυ
553 1582 605 1645 δεῖ
625 1581 700 1664 περὶ
721 1581 849 1644 τούτων
871 1581 939 1644 οὔτ’
963 1581 1011 1663 ἔμ’
1034 1583 1103 1644 οὔτ’

120 1688 225 1748 ἄλλον
253 1685 363 1750 οὐδέν’
393 1685 628 1769 ἰσχυρίζεσθαι·
664 1685 725 1748 ὅσα
754 1687 783 1748 δ’
806 1684 922 1767 ἐχθρὸς
950 1684 1131 1767 ύπάρχωνε

118 1797 163 1872 τη
193 1790 286 1852 πόλει
318 1790 373 1852 καί
400 1788 540 1870 δυνάμει
561 1790 664 1872 πολλή
692 1788 766 1868 περί
786 1782 1023 1868 Ἑλλήσποντον
1057 1786 1104 1851 ὢν

119 1899 277 1974 πειράσαι
298 1893 489 1973 προλαβεῖν,
516 1891 580 1956 κᾶν
606 1889 691 1968 άπαξ
715 1890 957 1973 ὑστερήσωμεν,
991 1890 1102 1954 οὐκέθ’

121 1993 240 2077 ἕξομεν
263 2002 382 2074 σῶσαι,
416 1995 491 2077 περὶ
517 1997 645 2059 τούτων
672 1995 702 2058 δ’
725 1998 836 2076 οἰομαι
863 1994 924 2076 τήν
950 1995 1104 2076 ταχίστην

123 2098 308 2181 συμφέρειν
328 2099 385 2161 καί
406 2099 645 2179 βεβουλεῦσθαι
666 2098 723 2160 καί
744 2099 1023 2179 παρεσκευάσθαι,
1046 2099 1102 2160 καί

121 2202 169 2284 μή
194 2210 262 2276 τοῖς
275 2201 350 2283 περὶ
364 2209 430 2264 τῶν
447 2202 552 2264 ἄλλων
565 2202 726 2284 θορύβοις
739 2200 794 2262 καί
808 2210 880 2275 ταῖς
894 2200 1105 2282 κατηγορίαις

123 2304 193 2367 άπὸ
213 2305 340 2367 τούτων
362 2303 556 2386 ἀποδράναι.

229 2406 341 2469 Πολλά
356 2406 394 2469 δὲ
407 2407 589 2488 θαυμάζων
602 2414 669 2469 τῶν
684 2405 850 2468 εἰωθότων
864 2406 1017 2487 λέγεσθαι
1031 2409 1134 2489 παρ’4

123 2509 216 2591 ύμῖν,
239 2510 375 2585 ούδενδς
392 2508 498 2592 ήττον,
522 2506 681 2593 δάνδρες
697 2504 878 2589 Ἀθηναῖοι,
901 2511 1103 2591 τεθαύμακα,

126 2614 146 2675 ὃ
168 2614 225 2676 καί
246 2615 362 2695 πρώην
382 2614 471 2689 τινὸς
497 2616 610 2696 ήκουδ
634 2614 783 2688 εἰπόντος
805 2611 841 2676 έν
862 2621 902 2695 τή
923 2613 1038 2696 βουλή,
1061 2611 1105 2687 ὡς

128 2721 193 2798 άρα
215 2717 267 2779 δεῖ
286 2717 345 2780 τὸν
373 2714 669 2798 συμβουλεύοντ’
651 2739 671 2797 η
694 2719 846 2798 πολεμειν
872 2715 1022 2796 άπλῶςή
1044 2714 1105 2796 τυή

127 2819 262 2902 εἰρήνην
277 2822 368 2902 ἄγειν
384 2821 627 2902 συμβουλεύειν.
656 2820 737 2883 ἔστω
756 2820 865 2900 δή·εἰ
886 2819 948 2901 μέν
969 2819 1051 2900 ήσνχ
1053 2820 1134 2881 ίαυσ

130 2924 292 2997 Φίλιππος
315 2926 385 3003 άγει
408 2923 463 2986 καί
485 2924 564 3006 μήτε
586 2932 652 2987 τῶν
674 2922 840 3005 ἡμετέρων
862 2922 924 3000 ἔχει
941 2922 1076 3004 παρὰ
1044 2944 1106 3004 την

128 3024 264 3106 εἰρήνην
286 3025 368 3106 μηδὲ
371 3049 390 3089 ν
410 3030 491 3106 μήτε
512 3026 743 3102 συσκευάζεται
765 3027 890 3098 πάντας
906 3024 1106 3104 ἀνθρώπους

130 3123 179 3209 ἐφ’
196 3126 291 3209 ήμάς,
307 3127 417 3190 οὐκέτι
433 3129 486 3191 δεῖ
494 3128 609 3211 λέγειν,
628 3124 692 3190 ἀλλ’
710 3128 819 3202 ἁπλῶς
833 3127 969 3208 εἰρήνην
980 3126 1106 3207 ἀκτέον,

128 3229 185 3292 καί
212 3231 253 3293 τά
280 3234 315 3312 γ’
339 3230 395 3312 ἀφ’
419 3231 513 3313 ὑμῶν
534 3230 635 3312 ἕτοιμ’
658 3231 839 3313 ὑπάρχονθ’
863 3229 945 3312 δρῶ·
979 3230 1008 3294 εἰ
1030 3231 1060 3292 δ’
1084 3231 1105 3292 ἃ

128 3332 190 3416 μὲν
212 3332 386 3415 ὠμόσαμεν
407 3334 463 3397 καί
485 3334 536 3417 ἐφ’
560 3333 610 3409 οἰς
632 3334 692 3416 τήν
714 3333 846 3415 εἰρήνην
869 3332 1104 3415 ἐποιησάμεθα,

128 3434 193 3500 ἔστ’
229 3437 312 3501 ἰδεῖν
344 3439 400 3500 καί
428 3438 639 3521 γεγραμμένα
666 3447 784 3515 κεῖται,
819 3438 971 3519 φαίνεται
998 3437 1028 3498 δ’
1053 3435 1136 3498 άπό

129 3539 263 3623 άρχήςδ
281 3540 451 3621 Φίλιππος,
471 3542 549 3623 πρὶν
559 3542 746 3621 Διοπείθην
767 3538 940 3603 ἐκπλεῦσαι
960 3538 1108 3613 καὶτοὺς
