2484 3992
148 228 192 292 58
421 227 479 293 VI.
503 225 865 291 ΔΗΜΟΣΘΕΝΟΤΣ

610 1151 669 1217 Vl.

359 1361 504 1422 ΚΑΤΑ
546 1360 846 1422 ΦΙΛΙΠΠΟΥ
868 1361 905 1421 Β.

587 1548 689 1558 .—--

471 1665 803 1733 ARGUMENTUM.

250 1858 425 1944 Philippus
449 1867 627 1943 postquam
650 1859 684 1921 in
708 1856 855 1923 Phocide
878 1880 933 1922 res
957 1857 1003 1922 ad
1032 1881 1133 1923 suum

148 1962 325 2027 arbitrium
341 1962 538 2046 composuit,
561 1983 629 2025 non
645 1959 928 2046 acquiescendum
945 1960 1010 2025 sibi
1032 1970 1130 2026 ratus

150 2067 184 2129 in
219 2086 276 2148 ea,
309 2085 409 2149 quam
432 2074 609 2130 assecutus
643 2073 748 2147 esset,
781 2065 950 2149 potentia,
984 2087 1065 2129 mox
1093 2067 1130 2129 in

149 2169 446 2255 Peloponnesiacis
484 2189 614 2255 quoque
652 2167 849 2233 civitatibus
888 2168 1132 2233 auctoritatem

150 2295 244 2339 suam
268 2273 477 2357 interposuit.
523 2270 663 2352 Eadem,
687 2292 786 2356 quam
810 2279 912 2335 antea
936 2270 1070 2352 inierat,
1095 2281 1131 2336 et

149 2376 196 2441 ibi
220 2375 501 2461 progrediebatur
524 2377 597 2457 via,
632 2384 668 2439 ut
697 2373 858 2460 quicquid
880 2373 1000 2456 vellet,
1031 2375 1129 2460 perfi-

148 2489 257 2544 ceret:
282 2478 472 2543 discordias
495 2476 549 2542 vel
562 2476 677 2541 alebat
694 2476 747 2542 vel
765 2475 1021 2560 disseminabat,
1045 2479 1127 2542 eivi-

149 2592 239 2649 tates
270 2582 356 2647 alias
379 2581 552 2646 beneficiis
582 2579 805 2662 conciliabat,
836 2579 923 2645 alias
945 2581 1047 2645 minis
1070 2605 1127 2647 ex-

149 2685 309 2752 terrebat.
332 2685 452 2769 Itaque
467 2683 639 2749 veteribus
654 2684 854 2749 Doricarum
873 2684 1024 2767 gentium
1040 2687 1129 2750 inter

150 2814 186 2855 se
210 2789 396 2854 inimicitiis
420 2809 500 2852 usus
523 2797 593 2852 tum
618 2810 639 2851 a
660 2786 953 2870 Lacedaemoniis,
976 2798 1014 2853 ut
1039 2789 1125 2854 Mes·

151 2916 253 2959 sanan
282 2892 424 2958 liberam
454 2891 676 2974 dimitterent,
711 2891 911 2977 postulavit,
938 2891 1126 2957 Messenios

149 2998 362 3082 Argivosque
383 2996 625 3060 mercennariis
648 3016 731 3080 quos
758 2996 851 3060 misit
879 2994 1044 3060 militibus
1068 2996 1125 3059 sti·

149 3100 348 3188 pendiisque
376 3099 524 3167 firmavit
558 3110 660 3186 atque
689 3102 800 3186 ipsum
825 3123 861 3165 se
893 3121 1017 3183 magno
1051 3123 1126 3165 cum

149 3205 303 3270 exercitu
324 3214 502 3269 venturum
525 3202 695 3288 pollicitus
719 3211 782 3267 est.
820 3202 950 3284 Quibus
967 3203 1124 3269 derebus

150 3306 287 3372 solliciti
310 3306 535 3373 Athenienses
563 3305 696 3389 legatos
720 3309 884 3372 miserunt
906 3307 941 3370 in
964 3306 1124 3393 Pelopon·

148 3433 280 3493 nasum,
310 3411 344 3472 in
373 3410 415 3471 iis
438 3408 715 3491 Demosthenem,
746 3411 802 3495 qui
831 3408 899 3473 illis
927 3410 1123 3475 civitatibus

150 3510 386 3576 dissuaderent
403 3512 600 3575 societatem
616 3532 691 3575 cum
703 3511 873 3597 Philippo;
887 3534 996 3596 neque
1011 3521 1123 3578 tamen
