2484 3992
367 282 496 344 ΚΑΤΑ
520 280 753 344 ΦΙΑΙΠΠΟΥ
772 282 807 343 Γ.
1029 276 1083 340 89

541 1121 636 1186 VIII.

203 1246 208 1395 Ἰ
311 1295 459 1358 ΚΑΤΑ
497 1296 802 1357 ΦΙΑΙΠΠΟΥ
832 1297 867 1357 Γ.

536 1483 636 1491 ψ’...

419 1602 751 1671 ARGUMENTUM.

198 1808 327 1874 Eodem
358 1831 446 1873 anno
478 1807 582 1891 (341),
620 1830 685 1893 quo
717 1808 758 1873 de
792 1807 1074 1877 Chersonesiticis

98 1913 196 1979 rebus
212 1899 317 1978 verba
329 1913 673 1994 fecitDemosthenes‚
684 1913 801 1998 paucis
815 1914 986 1979 mensibus
998 1925 1074 2001 post

99 2017 235 2082 ethaeo
264 2016 382 2082 habita
409 2025 459 2080 est
483 2018 591 2081 oratio
607 2025 727 2080 contra
750 2016 940 2102 Philippum
963 2021 1075 2101 tertia,

99 2141 160 2204 quo
185 2131 333 2207 tempore
355 2119 496 2206 populus
519 2122 641 2184 iterum
665 2119 706 2185 de
721 2119 860 2187 auxiliis
883 2123 917 2186 in
934 2120 1074 2186 Cherso-

97 2245 213 2288 nesum
241 2222 415 2289 mittendis
446 2223 653 2289 deliberasse
681 2222 825 2288 videtur.
870 2225 939 2288 Nec
962 2234 1075 2290 tamen

98 2326 130 2390 in
152 2349 221 2390 una
243 2327 308 2391 hac
331 2337 538 2392 reversatur
560 2328 686 2408 oratio3
713 2328 861 2390 maxima
885 2328 974 2391 enim
995 2350 1074 2414 pars

97 2431 168 2495 eius
199 2452 238 2494 eo
272 2440 421 2516 spectat,
458 2439 494 2493 ut
528 2450 756 2514 quaecumque
783 2451 837 2493 res
871 2452 891 2493 a
920 2429 1074 2516 Philippo

98 2544 215 2619 gestae
238 2535 305 2598 sint
323 2536 356 2598 in
371 2533 511 2598 Euboea
527 2533 716 2616 ceterisque
738 2532 892 2618 partibus
910 2531 1076 2598 Graeciae

97 2636 150 2703 vel
173 2646 254 2701 tunc
278 2659 407 2722 quoque
431 2646 593 2719 gerantur
616 2637 649 2700 in
666 2635 824 2718 Thracia,
845 2635 898 2700 his
921 2636 1074 2701 omnibus

97 2763 170 2806 eum
193 2740 278 2804 nihil
301 2739 394 2804 aliud
417 2761 520 2823 agere
544 2739 803 2821 demonstretur,
826 2762 926 2825 quam
948 2749 984 2804 ut
1007 2763 1075 2805 non

96 2843 194 2908 modo
219 2842 479 2933 Atheniensium
510 2842 570 2906 sed
599 2843 779 2906 universae
802 2840 969 2908 Graeciae
999 2844 1074 2909 sub-

96 2956 172 3011 ruat
211 2946 412 3011 libertatem.
469 2945 567 3026 Quod
605 2943 791 3031 periculum
824 2967 900 3009 cum
934 2947 968 3009 in
1003 2946 1075 3011 dies

96 3050 232 3135 propius
267 3047 426 3128 accedat,
455 3057 492 3112 ut
520 3046 659 3111 tandem
692 3045 874 3130 aliquando
905 3047 1076 3132 depellant

97 3153 198 3235 cives,
222 3151 362 3217 hortans
387 3160 501 3216 orator
523 3149 705 3215 facundiae
728 3144 834 3213 utitur
864 3150 966 3214 armis
990 3173 1076 3236 quae

96 3256 198 3322 habet
222 3256 411 3341 aptissima,
434 3252 590 3340 precibus
613 3252 803 3319 acerbitate
831 3252 1077 3336 indignatione,

97 3382 161 3446 quo
184 3360 295 3442 magis
318 3358 529 3424 audientium
551 3359 657 3423 animi
672 3358 886 3423 concitentur
903 3358 936 3421 in
952 3355 1077 3422 bellum

98 3464 233 3529 iamiam
268 3486 476 3529 exarsurum.
501 3498 541 3507 -
566 3461 767 3527 Orationum
801 3483 821 3524 a
850 3458 1077 3526 Demosthene

97 3568 131 3630 in
154 3568 310 3631 contione
333 3566 447 3652 populi
470 3565 679 3642 habitarum,
710 3587 793 3648 quas
817 3564 915 3629 nobis
939 3561 1076 3648 reliquit
