2484 3992
379 247 503 311 ΚΑΤΑ
529 248 760 312 ΦΙΛΙΠΠΟΥ
777 248 814 313 Β.
1036 247 1074 310 61

85 436 274 518 λογισμοὺς
296 435 440 501 άκούσαί
459 460 524 519 μου
547 436 603 500 διὰ
624 439 780 521 βραχέων,
804 437 845 501 δι’
861 439 920 512 οὓς
934 434 1076 501 τάναντί

86 537 169 620 ἐμοὶ
191 539 371 622 παρέστηκε
392 540 582 624 προσδοκᾶν
606 541 663 604 καί
685 541 726 605 δι’
757 540 804 603 ὦν
830 541 951 624 ἐχθρὸν
982 540 1077 623 ἡγοῦ-

86 666 153 724 μαι
182 645 361 723 Φίλιππον,
394 643 434 707 ἵν’
463 642 523 708 ἐὰν
550 645 611 727 μέν
638 641 702 726 ἐγὼ
731 645 818 708 δοκῶ
843 646 971 727 βέλτιον
1001 664 1078 727 προ

89 754 199 830 οροῖν,
231 746 304 828 ἐμοὶ
324 752 491 830 πεισθῆτε,
515 748 557 812 ἂν
579 745 607 812 δ’
631 748 665 812 οί
686 753 889 832 θαρροῦντες
910 748 967 811 καί
988 768 1077 811 πεπι·

89 851 265 926 στευκύτες
287 851 391 931 αὐτῷ,
419 854 547 926 τούτοις
574 851 814 934 προσθήσεσθε.
860 851 923 934 ἐγὼ
951 852 1103 930 τοίνυν,7

87 949 116 1015 ὦ
155 953 274 1036 ἄνδρες
303 950 483 1036 Ἀθηναῖοι,
519 956 701 1037 λογίζομαι,
738 955 838 1018 τίνων
863 954 882 1016 δ
910 956 1071 1030 Φίλιππος
1200 958 1203 965 “

87 1057 209 1138 κύριος
241 1065 373 1140 πρῶτον
404 1058 484 1140 μετὰ
511 1058 571 1140 τήν
599 1058 734 1141 εἰρήνην
766 1059 920 1140 κατέστης
954 1060 1076 1120 Πυλῶν

88 1159 149 1220 καὶ
172 1167 238 1221 τῶν
259 1158 296 1223 έν
321 1162 473 1223 Φωκεῦσι
494 1164 704 1244 πραγμάτων.
749 1161 783 1224 τί
804 1157 881 1242 ούν,·
911 1170 979 1235 πῶς
1000 1161 1073 1224 τού·

89 1285 163 1337 τοις
189 1262 363 1347 ἐχρήσατο,
396 1267 417 1327 ἃ
442 1266 597 1347 Θηβαίοις
627 1266 785 1348 συμφέρει
811 1266 868 1329 καί
894 1266 954 1348 οὐχ
982 1266 1004 1328 ά
1036 1272 1076 1348 τή

89 1369 196 1446 πόλει,
218 1369 372 1450 πράττειν
393 1370 569 1448 προείλετο.
599 1370 633 1431 τί
647 1369 766 1451 δήποτε
770 1393 784 1450 ,·
807 1370 857 1433 ὅτι
878 1368 961 1449 πρὸς
982 1372 1073 1432 πλεο·

89 1470 214 1549 νεξίαν,
231 1467 331 1553 οἶμαι,
354 1472 410 1534 καὶ
423 1471 461 1535 τδ
475 1474 573 1536 πάνθ’
597 1472 653 1555 ὑφ’
671 1472 759 1557 αύτῷ
780 1478 982 1553 ποιήσασθαι
997 1472 1075 1546 τοὺς

90 1576 273 1656 λογισμοὺς
293 1574 457 1656 ἐξετάζων,
479 1578 534 1640 καί
557 1575 631 1658 οὐχὶ
652 1577 733 1659 πρὸς
754 1578 888 1661 εἰρήνην
907 1574 977 1640 οὐδ’
999 1576 1075 1657 ήσυ-

91 1680 169 1761 χίαν
191 1678 272 1742 οὐδὲ
301 1679 431 1743 δίκαιον
453 1677 567 1759 οὐδέν,
596 1676 662 1743 εἶδε
684 1678 777 1743 τοῦτ’
808 1681 931 1762 ὀρθῶς,
960 1681 1009 1743 ὅτι
1037 1686 1104 1763 τήε

91 1783 153 1863 μὲν
185 1780 325 1865 ἡμετέρᾳ
357 1777 448 1845 πόλει
480 1785 536 1844 καί
567 1792 636 1857 τοῖς
668 1784 768 1868 ήθεσι
804 1793 872 1856 τοῖς
907 1783 1075 1865 ήμετέροις

90 1884 194 1948 οὐδὲν
218 1884 259 1947 διν
281 1882 458 1959 ἐνδείξαιτο
473 1892 633 1961 τοσούτου
654 1880 733 1948 οὐδὲ
754 1890 930 1965 ποιήσειεν,
952 1884 1008 1968 ὑφ’
1032 1882 1074 1946 οὗ

89 1988 279 2062 πεισθέντες
300 1987 393 2070 ύμείς
413 1996 470 2070 τής
491 1989 577 2063 ίδίας
599 1981 682 2051 ἕνεκ’
706 1987 862 2071 ὠφελείας
884 1995 950 2051 τῶν
965 1990 1071 2051 ἄλλων

58 2149 63 2153 ,
90 2093 185 2166 τινὰς
201 2087 366 2172 Ἑλλήνων
380 2091 493 2177 ἐκείνςο
507 2093 675 2175 πρόοισθε,
699 2092 779 2154 άίλὰ
794 2092 925 2155 καὶτοῦ
940 2091 1071 2155 δικαίου

91 2195 192 2276 λόγον
231 2195 423 2275 ποιούμενοι
455 2195 511 2258 καί
543 2194 604 2276 τήν
635 2203 827 2277 προσοῦσαν
860 2193 996 2270 ἀδοξίαν
1027 2203 1073 2277 τῷ

90 2299 259 2381 πράγματι
286 2298 462 2381 φεύγοντες
491 2299 547 2361 καὶ
574 2299 675 2361 πάνθ’
698 2298 720 2358 ἃ
742 2297 899 2379 προσήκει
926 2298 1071 2380 προορώ-

91 2422 185 2482 μενοι
220 2400 340 2483 δμοίεος
373 2400 618 2479 έναντιάσεσθ,
653 2401 695 2461 ἄν
721 2421 753 2462 τι
780 2402 900 2463 τοιοῦτ’
929 2398 1071 2482 ἐπιχειρῇ

90 2508 255 2589 πράττειν,
279 2506 387 2589 ὥσπερ
409 2499 452 2573 ἂν
473 2507 503 2570 εί
524 2509 742 2588 πολεμοῦντες
764 2507 899 2588 τύχοιτε.
937 2506 1015 2579 τοὺς
1037 2504 1101 2568 δέν

93 2611 259 2694 Θηβαίους
291 2609 413 2692 ήγεάθῖ,
448 2611 526 2693 ὅπερ
560 2611 695 2692 συνέβη,
726 2608 810 2673 ’άντί
842 2619 908 2672 τῶν
941 2607 1083 2684 ἑαυτοῖς,
1178 2678 1180 2681 ,

91 2715 296 2796 γιγνομένων
316 2713 358 2776 τδι
379 2714 478 2776 λοιπά
499 2712 609 2778 ἐάσειν
637 2713 724 2787 ὅπως
745 2714 897 2795 βούίεται
919 2713 1072 2796 πράττειν

91 2815 227 2895 ἑαυτόν,
254 2817 311 2881 καὶ
333 2817 393 2899 οὐχ
416 2817 503 2891 ὅπως
525 2814 733 2900 ἀντιπράξειν
760 2816 816 2878 καί
844 2817 1070 2894 διακωλύσειν,

93 2920 252 2983 ἀλλὰκαὶ
275 2921 536 3005 συστρατεύσειν,
559 2913 602 2983 ἂν
625 2919 747 2995 αὐτοὺς
767 2921 893 3002 κελεύη.
931 2919 986 2981 καὶ
1007 2927 1072 2982 νῦν

93 3025 172 3099 τοὺς
182 3025 393 3106 Μεσσηνίους
414 3025 469 3087 καί
490 3024 568 3098 τοὺς
580 3019 746 3107 Ἀργείους
767 3024 863 3086 ταῦθ’
885 3021 1072 3105 ὑπειληφὼς

92 3125 130 3192 εύ
157 3137 253 3193 ποιεῖ.
299 3130 316 3191 ὃ
344 3131 401 3192 καὶ
422 3130 575 3212 μέγιστόν
595 3127 664 3192 έστι
686 3131 762 3191 καθ’
785 3127 879 3210 ὑμῶν
899 3127 1070 3210 ἐγκώμιον,

92 3226 118 3293 ὦ
147 3231 265 3314 ἄνδρες
287 3228 474 3314 Ἀθηναῖοι·
507 3232 659 3314 κέκρισθε
692 3233 755 3314 γὰρ
790 3231 826 3294 ἐκ
851 3232 979 3295 τούτων
1005 3239 1071 3293 τῶν
1081 3246 1114 3294 10

92 3333 197 3418 ἔργον
230 3335 325 3416 μόνοι
358 3343 424 3398 τῶν
456 3337 590 3398 πάντων
624 3334 763 3417 μηδενὸς
790 3328 832 3397 άν
859 3334 998 3419 κέρδους
1030 3334 1071 3397 τδι

91 3438 186 3501 κοινδι
207 3438 319 3502 δίκαια
339 3447 405 3503 τύν
421 3435 587 3520 Ἑλλήνων
601 3438 763 3522 προέσθαι
784 3436 860 3520 μηδ’
877 3435 1069 3513 ἀνταλλάξα-

93 3546 171 3606 σθαι
198 3541 357 3624 μηδεμιᾶς
383 3545 512 3626 χάριτος
540 3541 613 3623 μηδ’
644 3539 801 3624 ὠφελείας
832 3540 893 3622 τήν
920 3542 966 3615 είς
992 3541 1070 3615 τοὺς
