2484 3992
411 225 714 288 ΟΑΤΝΘΙΑΚΟΣ
731 226 767 288 Γ.
1034 223 1078 288 45

97 414 176 499 ἔχει.
199 415 255 478 καλ
277 416 310 478 τί
328 408 373 479 ’ἰίν
394 413 497 478 εἰπεῖν
516 435 566 490 τις
588 413 674 497 έχοις
694 409 909 489 τάςέπάλξεις
931 415 970 489 ἃς
991 435 1077 477 κονι-

99 529 201 603 ῶμεν,
224 520 279 583 καὶ
294 518 352 595 τὰς
366 518 467 593 ὁδοὺς
481 520 521 594 άς
534 516 797 599 ἐπισκευάζομεν,
817 517 873 580 καί
887 517 1010 599 κρήνας
1023 517 1079 581 καί

97 623 242 708 λήρους,
264 623 467 705 ἀποβλέψατε
489 621 530 704 δή
553 620 635 707 πρὸς
656 622 735 696 τοὺς
755 629 859 684 ταῦτα
874 619 1078 700 πολιτευομέ·

98 749 194 806 νους,
219 725 265 791 ὧν
287 726 319 789 οἰ
340 725 401 809 μέν
421 724 458 790 έκ
472 733 608 808 πτωχῶν
622 726 776 789 πλούσιοι
790 725 977 808 γεγόνασιν,
1000 722 1077 788 οἰδ

99 827 137 907 ἐξ
160 828 287 906 ἀδόξων
309 829 443 912 ἔντιμοι,
466 829 547 893 ένιοι
569 829 606 893 δέ
627 828 686 905 τὰς
707 828 794 905 ἰδίας
815 828 921 902 οἰκίας
942 835 1008 891 τῶν
1022 827 1077 909 δη-

98 935 229 1016 μοσίων
255 933 527 1015 οἰκοδομημάτων
555 931 750 1015 σεμνοτέρας
776 922 839 996 εἰσί
867 947 1079 995 κατεσκευασ-

99 1037 214 1120 μένοι·
238 1038 305 1123 ὅσῳ
319 1037 356 1101 δέ
370 1036 411 1099 τὰ
432 1044 489 1118 τής
510 1038 634 1111 πόλεως
656 1034 777 1100 ἐλάττω
800 1035 943 1118 γέγονεν,
965 1037 1079 1099 τοσού-

99 1150 148 1226 τῷ
170 1139 211 1203 τὰ
232 1141 360 1204 τούτων
380 1136 527 1223 ηὔξηται.

210 1245 252 1308 Τί
272 1243 312 1326 δή
335 1242 372 1307 τὸ
394 1245 527 1307 πάντων
550 1245 656 1307 αἰτίον
669 1244 806 1321 τούτων,
828 1243 884 1307 καί
898 1243 932 1306 τί
945 1242 985 1323 δή
1000 1245 1078 1306 ποθ’
1087 1259 1122 1308 30

101 1349 219 1413 όίπαντ
242 1344 307 1432 εἰχε
328 1351 435 1424 καλῶς
455 1347 538 1426 τότε,
560 1348 617 1411 καί
630 1356 695 1411 νῦν
709 1347 771 1411 οὐκ
794 1345 920 1430 ὀρθῶς·
942 1347 992 1410 ότι
1007 1347 1079 1410 τότε

100 1452 166 1534 μέν
186 1455 341 1535 πράττειν
354 1451 410 1514 καί
426 1451 663 1535 στρατεύεσθαι
684 1452 813 1532 τολμῶν
828 1449 928 1525 αὐτὸς
942 1449 961 1512 ὁ
976 1450 1080 1532 δήμος

101 1557 264 1638 δεσπότης
290 1563 357 1618 τῶν
385 1555 646 1637 πολιτευομένων
674 1551 717 1636 ήν
745 1555 802 1618 καί
833 1556 948 1639 κύριος
981 1554 1080 1630 αὐτὸς

101 1660 260 1724 ἁπάντων
274 1669 341 1723 τῶν
354 1658 500 1742 ἀγαθῶν,
522 1658 713 1741 κάγαπητδν
727 1655 770 1740 ήν
783 1659 873 1742 παρὰ
895 1668 955 1722 τοῦ
970 1659 1080 1742 δήμου

102 1773 171 1828 τῶν
193 1765 300 1827 ἄλλων
321 1761 446 1847 ἑκάστῳ
461 1762 516 1825 καλ
530 1769 625 1844 τιμής
639 1763 695 1825 καί
711 1762 811 1846 άρχής
826 1762 977 1845 κάγαθοῦ
991 1783 1081 1837 τινος

101 1867 312 1951 μεταλαβεῖν·
344 1874 410 1930 νῦν
436 1865 473 1930 δέ
501 1861 698 1931 τούναντίον
726 1867 835 1949 κύριοι
857 1864 917 1948 μέν
938 1864 970 1927 οἱ
991 1867 1120 1929 πολι-31

101 1971 274 2053 πενόμενοι
296 1978 363 2033 τῶν
384 1968 529 2053 ἀγαθῶν,
553 1969 609 2033 καί
623 1969 680 2032 διὰ
694 1970 821 2033 τούτων
838 1968 968 2032 ἅπαντα
982 1969 1079 2051 πράτ-

101 2094 211 2138 τεται·
233 2075 326 2155 ὑμεῖς
347 2074 376 2139 δ’
399 2074 418 2138 ὁ
440 2075 543 2157 δήμος
564 2073 847 2157 ἐκνενευρισμένοι
861 2075 917 2137 καί
930 2093 1081 2155 περιηρη-

103 2179 198 2261 μένοι
227 2177 385 2261 χρήματα,
420 2179 621 2261 συμμάχους,
656 2175 692 2241 έν
720 2177 886 2260 ὑπηρέτου
907 2177 963 2240 καί
984 2190 1080 2258 προσ-

102 2282 211 2363 θήκης
242 2282 332 2363 μέρει
358 2281 536 2364 γεγένησθε
565 2280 762 2362 ἀγαπῶντες,
796 2278 855 2343 έὰν
883 2276 1081 2360 μεταδιδῶσι

102 2391 276 2468 θεωρικῶν
298 2385 377 2467 ὑμῖν
394 2383 414 2467 ή
431 2384 622 2469 Βοηδρόμια
644 2384 817 2466 πέμψωσιν
839 2379 942 2462 οὗτοι,
964 2381 1079 2445 καὶτὸ

103 2490 239 2553 πάντων
267 2488 514 2572 ἀνδρειότατον,
547 2496 614 2551 τῶν
645 2487 812 2570 ὑμετέρων
845 2486 955 2549 αὐτῶν
986 2486 1082 2568 χάριν

103 2593 346 2677 προσοφείλετε.
392 2592 423 2656 οἱ
445 2593 475 2655 δ’
499 2590 535 2655 έν
557 2591 641 2676 αὐτή
666 2599 706 2675 πή
733 2592 825 2655 πόλει
852 2586 1082 2670 καθείρξαντες

104 2697 192 2778 ὑμᾶς
213 2694 369 2777 ἐπάγοντ’
385 2695 438 2760 έπί
460 2704 565 2759 ταῦτα
579 2695 635 2758 καί
649 2694 885 2757 τιθασεύουσιν
899 2691 1082 2775 χειροήθεις

105 2799 219 2874 αὑτοῖς
240 2807 421 2874 ποιοῦντες.
466 2798 533 2862 έστι
555 2799 585 2861 δ’
608 2797 769 2876 οὐδέποτ’,
793 2792 895 2878 οἶμαι,
917 2795 1001 2878 μέγα
1022 2795 1120 2858 καίεε

103 2903 259 2968 νεανικὸν
273 2903 427 2987 φρόνημα
442 2903 554 2984 λαβεῖν
565 2902 664 2984 μικρά
675 2902 731 2964 καί
742 2903 854 2985 φαῦλα
864 2901 1081 2984 πράττοντας·

106 3007 198 3071 ὁποῖ’
223 3010 303 3070 άττα
324 3007 387 3089 γὰρ
411 3006 452 3069 ἂν
474 3005 739 3088 τάπιτηδεύματα
760 3014 826 3069 τῶν
842 3002 1028 3086 ἀνθρώπων
1050 2991 1081 3086 ᾗ,

105 3108 399 3192 τοιοῦτονάνάγκη
423 3110 479 3173 καί
500 3108 538 3173 τό
560 3110 700 3193 φρόνημ’
724 3107 816 3190 ἔχειν.
843 3114 948 3169 ταῦτα
962 3105 1007 3186 μά
1022 3103 1084 3186 τήν

105 3214 254 3298 Δήμητρ’
278 3213 340 3278 οὐκ
367 3212 409 3279 ἂν
434 3209 653 3295 θαυμάσαιμ’,
681 3212 710 3276 εἰ
737 3212 854 3293 μείζων
882 3209 1007 3274 εἰπόντι
1028 3231 1084 3292 μοι

104 3318 234 3401 γένοιτο
255 3319 357 3401 βλάβη
377 3325 443 3382 τῶν
457 3317 683 3400 πεποιηκότων
705 3315 790 3378 αὐτὰ
811 3315 980 3398 γενέσθαι·
1003 3310 1083 3376 οὐδὲ

106 3424 171 3507 γάρ
192 3422 361 3505 παρρησία
382 3421 457 3504 περί
478 3420 611 3484 πάντων
634 3419 686 3484 άεί
706 3416 782 3503 παρ’
799 3417 880 3499 ὑμῖν
894 3415 992 3493 ἐστιν,
1016 3413 1083 3477 ἀλλ’

107 3528 205 3610 ἔγωγ’
230 3527 280 3590 ότι
301 3526 358 3589 καί
378 3534 443 3589 νῦν
463 3525 598 3607 γέγονεν
617 3525 753 3606 θαυμάζ
780 3571 788 3587 .
