2484 3992
172 221 215 287 32
439 224 499 293 III.
529 226 893 291 ΔΗΜΟΣΘΕΝΟῬΣ

172 411 256 495 πρὸς
266 413 466 478 Ποτείδαιαν
481 415 677 491 Ὀλυνθίοις·
701 415 806 499 ἐφάνη
821 438 853 479 τι
870 425 969 480 τοῦτο
988 422 1168 502 συναμφό·
1224 424 1225 443 ³

172 534 282 600 τερον·
305 518 381 582 νυνὶ
395 520 567 593 Θετταλοῖς
584 529 722 582 νοσοῦσι
743 521 800 584 καί
813 522 1081 606 τεταραγμένοις·
1105 522 1168 587 ἐπὶ

173 618 233 702 τὴν
255 621 456 705 τυραννικὴν
477 622 587 686 οἰκίαν
603 622 800 705 ἐβοήθησεν·
824 625 899 689 δποι
913 647 962 701 τις
977 628 1030 705 ἀν,
1055 623 1168 709 οἶμαι,
1225 674 1226 685 ,

172 729 303 810 προσθῇ
315 725 379 789 κάν
388 726 510 809 μικρδιν
522 726 677 808 δύναμιν,
689 729 782 790 πάντ’
796 725 927 810 ἀφελεῖ·
940 726 1023 811 αὐτη
1037 729 1166 794 δὲκαθ’

132 841 164 890 ιο
174 826 279 909 αὐτην
302 827 443 910 ἀσθενὴς
464 829 521 891 καί
534 832 663 892 πολλῶν
676 839 788 893 κακῶν
803 830 871 895 ἐστι
886 830 996 914 μεστή.
1019 832 1078 894 καί
1094 833 1166 915 γὰρ

175 929 272 1007 οὖτος
287 932 389 996 ἀπασι
403 934 541 1013 τούτοις,
564 931 613 1008 οἷς
629 937 671 998 ἀν
684 957 734 1009 τις
747 935 852 1017 μέγαν
864 930 966 999 αὐτὸν
986 935 1166 1022 ἡγήσαιτο,

173 1045 241 1111 τοῖς
261 1037 414 1118 πολέμοις
435 1038 491 1100 καὶ
512 1046 584 1112 ταῖς
607 1040 799 1121 στρατείαις,
821 1039 865 1103 ἐτ’
880 1039 1167 1123 ἐπισφαλεστέραν

172 1138 193 1220 ἢ
216 1138 339 1222 ὑπῆρχε
362 1141 460 1222 φύσει
481 1142 718 1206 κατεσκεύακεν
741 1142 840 1227 αὐτῷ.
884 1142 927 1225 μὴ
957 1143 1021 1226 γδιρ
1043 1141 1166 1239 oluff,
1225 1128 1226 1135 ί

177 1239 203 1308 ὦ
227 1244 344 1326 ἀνδρες
364 1240 543 1326 Ἀθηναῖοι,
565 1255 635 1319 τοῖς
657 1246 771 1322 αὐτοῖς
788 1248 953 1311 Φίλιππόν
975 1268 1009 1312 τε
1030 1249 1166 1332 χαίρειν
1225 1314 1226 1329 ,

172 1348 328 1422 καὶτοὺς
351 1347 562 1430 ἀρχομένους,
586 1349 653 1411 ἀλλ’
676 1348 695 1412 δ
718 1350 778 1432 μὲν
808 1348 905 1431 δόξης
926 1349 1084 1432 ἐπιθυμεῖ
1105 1352 1167 1414 καλ

173 1454 262 1516 τοῦτ’
290 1450 447 1533 ἐζήλωκεν
478 1452 535 1515 καί
566 1457 751 1536 προῄρηται
783 1454 936 1536 πράττων
963 1455 1020 1517 καὶ
1045 1456 1165 1518 κινδυ·

173 1556 292 1635 νεύων,
320 1554 362 1618 ἀν
386 1556 492 1638 συμβῇ
518 1578 559 1635 τι,
587 1561 720 1635 παθεῖν,
748 1556 808 1640 τὴν
830 1566 889 1621 τοῦ
912 1555 1165 1640 διαπράξασθαι

175 1660 283 1737 ταῦθ’,
312 1658 469 1740 ἀμηδελς
493 1661 616 1722 πώποτ’
641 1662 737 1735 ἀλλος
759 1660 967 1724 Μακεδόνων
994 1661 1164 1744 βασιλεύς,

133 1759 275 1839 ιοδδξαν
305 1761 377 1833 ἀντὶ
399 1770 459 1825 τοῦ
483 1763 539 1843 ζῇν
562 1762 717 1844 ἀσφαλῶς
744 1757 920 1846 ᾑρημένος·
952 1772 1022 1838 τοῖς
1043 1762 1081 1827 δέ
1102 1772 1166 1846 τῆς
1219 1778 1222 1787 ’

175 1865 235 1948 μέν
268 1865 454 1949 φιλοτιμίας
487 1874 543 1947 τῇς
572 1865 637 1929 ἀπὸ
658 1867 785 1929 τούτων
808 1866 849 1929 ού
872 1866 1010 1948 μέτεστι,
1043 1869 1164 1931 κοπτύ

173 1990 266 2052 μενοι
288 1968 318 2031 δ
342 1968 393 2032 ἀεί
425 1977 497 2043 ταῖς
519 1970 703 2052 στρατείαις
730 1970 864 2045 ταύταις
885 1979 957 2045 ταῖς
979 1972 1048 2033 ἀνω
1071 1972 1165 2034 κάτω

174 2073 360 2135 λυποῦνται
382 2072 438 2134 καὶ
461 2079 604 2154 συνεχῶς
625 2074 902 2155 ταλαιπωροῦσιν,
925 2074 993 2136 οὔτ’
1017 2072 1071 2137 ἐπὶ
1092 2083 1165 2149 τοῖς

175 2174 283 2258 ἔργοις
305 2175 374 2237 οὔτ
390 2173 443 2237 ἐπὶ
464 2183 533 2250 τοῖς
555 2174 666 2238 αὐτῶν
688 2175 737 2239 ίδί
736 2198 785 2250 οις
807 2175 945 2258 ἐώμενοι
968 2176 1163 2259 διατρίβειν,
1226 2186 1227 2197 ’

175 2278 249 2343 οὔθ’
268 2280 316 2343 ὅτ’
333 2278 375 2343 ἀν
387 2278 570 2361 ποιήσωσιν
584 2280 689 2354 οὕτως
708 2280 795 2355 ὅπως
811 2280 853 2344 ἀν
867 2280 1043 2361 δύνωνται,
1066 2290 1163 2346 ταῦτ’
1226 2278 1227 2281 '

174 2383 300 2466 ἔχοντες
323 2383 503 2447 διαθέσθαι
524 2384 740 2465 κεκλειμένων
754 2393 823 2447 τῶν
846 2383 1013 2467 ἐμπορίων
1033 2393 1102 2449 των
1123 2384 1163 2450 ἐν

134 2495 214 2571 λιτῇ
235 2491 325 2570 χοῖροι
347 2487 404 2550 διὰ
425 2485 483 2550 τδν
504 2487 656 2567 πόλεμον.
690 2487 723 2550 οἱ
746 2487 805 2569 μὲν
828 2483 890 2551 οὖν
910 2489 1025 2551 πολλοὶ
1046 2490 1162 2553 Μακε·
1187 2527 1190 2531 ›

176 2590 284 2653 δύνωυ
298 2597 368 2663 πῶς
382 2588 493 2672 ἔχουσι
510 2590 674 2673 Φιλίππῳ,
696 2589 733 2654 έκ
747 2592 875 2654 τούτων
896 2593 939 2655 ἀν
949 2611 998 2666 τις
1013 2591 1161 2668 σκέψαιτ’

175 2693 216 2756 οὐ
238 2696 398 2776 χαλεπῶς·
422 2693 454 2755 οἱ
474 2694 510 2757 δέ
526 2694 567 2776 δὴ
585 2695 660 2777 περὶ
677 2695 779 2758 αὐτὸν
794 2697 885 2771 ὄντες
899 2692 986 2772 ξένοι
1001 2697 1058 2760 καί
1072 2698 1159 2776 πεζέ-

175 2818 284 2880 ταιροι
301 2792 402 2872 δόξαν
415 2796 477 2878 μέν
491 2797 632 2880 ἔχουσιν,
656 2796 700 2873 ὡς
721 2798 785 2862 είσλ
799 2800 988 2881 θαυμαστοί
1010 2800 1067 2863 καλ
1083 2817 1160 2884 συγ-

175 2901 407 2982 κεκροτημένοι
428 2900 469 2963 τὰ
490 2908 550 2964 τοῦ
573 2901 729 2983 πολέμου,
753 2898 796 2976 ὡς
810 2903 840 2965 δ’
856 2901 919 2985 ἐγὼ
934 2910 1001 2966 τῶν
1017 2902 1054 2967 ἐν
1076 2903 1161 2986 αὐτῇ

178 3011 217 3088 τῇ
231 3010 322 3090 χώρᾳ
343 3005 568 3088 γεγενημένων
589 3005 680 3080 τινὸς
701 3006 835 3086 ἤκουον,
859 3005 981 3089 ἀνδρὸς
1002 3007 1159 3089 οὐδαμῶς

137 3124 169 3173 18
178 3107 252 3172 οἵου
274 3130 309 3172 τε
331 3108 530 3191 ψεύδεσθαι,
566 3108 716 3173 οὐδένων
742 3110 826 3173 εἰσὶν
848 3110 1003 3192 βελτίους.
1048 3111 1078 3174 εί
1099 3112 1161 3193 μὲν

176 3211 241 3292 γάρ
262 3233 311 3285 τις
334 3209 418 3294 ἀνήρ
441 3209 529 3273 ἐστιν
552 3209 588 3273 ἐν
610 3211 723 3286 αὐτοῖς
750 3209 819 3286 οἶος
842 3212 993 3296 ἔμπειρος
1013 3213 1158 3295 πολέμου

177 3313 233 3376 καί
255 3313 404 3397 ἀγώνων,
430 3315 570 3389 τούτους
591 3315 653 3396 μὲν
676 3316 843 3400 φιλοτιμίᾳ
863 3317 989 3391 πάντας
1011 3316 1159 3380 ἀπωθεῖν

178 3416 280 3481 αὐτὸν
313 3417 391 3500 ἔφη,
424 3419 628 3500 βουλόμενον
658 3421 759 3482 πάνθ’
794 3418 899 3483 αὑτοῦ
931 3420 1042 3484 δοκεῖν
1075 3415 1159 3484 εἶναι

177 3523 298 3603 τᾶργα·
328 3519 410 3603 πρὸς
431 3521 496 3603 γὰρ
519 3516 563 3586 αὖ
584 3531 652 3596 τοῖς
675 3525 783 3598 ἀλλοις
810 3523 867 3586 καὶ
889 3522 949 3606 τὴν
970 3523 1158 3607 φιλοτιμίαν
