2484 3992
145 253 189 318 94
403 256 496 322 VIII.
519 259 877 322 ΔΗΜΟΣΘΕΝΟΤΣ

148 446 227 521 τοὺς
239 447 280 509 τά
294 446 496 531 μηχανήματ’
518 445 714 531 ἐφιστάντας
735 447 870 531 είρήνην
886 452 978 531 ἀγειν
993 448 1126 533 φήσετε,

147 546 208 624 ἕως
223 548 264 613 ἀν
280 549 364 614 αύτά
377 559 446 627 τοῖς
462 552 599 633 τείχεσιν
614 551 678 633 ήδη
693 553 954 635 προσαγάγωσιν.
990 550 1059 615 ἀλλ’
1083 553 1126 617 ού

148 648 282 733 φήσετε·
306 651 410 737 ὁγὰρ
432 652 482 729 οἷς
505 653 546 717 ἀν
567 652 632 735 ἐγὼ
654 655 825 737 ληφθείην,
847 664 951 718 ταῦτα
972 657 1128 739 πράττων

147 754 202 817 καλ
215 757 544 838 κατασκευαζόμενος,
567 754 664 833 οὗτος
685 756 758 838 ἐμοὶ
779 760 919 839 πολεμεῖ,
942 757 1006 821 κάν
1027 746 1127 840 μήπω

106 857 250 940 ισβάλλη
272 857 354 941 μηδὲ
377 855 501 942 τοξεύη.
524 861 609 923 τίσιν
631 857 695 923 ούν
708 861 801 942 ὑμεῖς
814 848 1058 925 κινδυνεύσαιτ’
1075 846 1127 940 ἀν,

149 962 182 1023 εί
199 981 232 1024 τι
258 962 403 1044 γίνοιτο,
435 971 487 1047 τρῖ
507 961 565 1025 τὸν
581 958 822 1045 Ἑλλήσποντον
855 965 1127 1048 ἀλλοτριωθῆναι,

147 1073 192 1148 τῷ
214 1067 382 1149 Μεγάρων
411 1067 467 1128 καί
493 1074 550 1148 της
571 1068 716 1149 Εὐβοίας
742 1067 801 1132 τὸν
821 1071 1020 1149 πολεμοῦνθ’
1047 1066 1130 1150 ύμῖν

148 1169 303 1250 γενέσθαι
324 1171 451 1254 κύριον,
483 1179 529 1255 τῷ
555 1173 842 1254 Πελοποννησίους
865 1172 1017 1236 τάκείνου
1046 1195 1128 1257 φρο-

44 1256 52 1277 ’
147 1279 256 1353 νήσαι.
301 1267 371 1336 εἶτα
397 1273 455 1337 τὸν
486 1282 584 1337 τοῦτο
613 1276 650 1338 τὸ
678 1277 840 1358 μηχάνημ’
863 1274 916 1340 ίπὶ
942 1276 1002 1359 τήν
1031 1277 1130 1339 πόλιν

150 1374 294 1455 ἱστάντα,
328 1385 447 1441 τοῦτον
475 1377 609 1461 εἰρήνην
641 1382 733 1460 ἀγειν
760 1377 824 1460 ἐγὼ
846 1389 900 1463 φῶ
921 1381 1002 1463 πρὸς
1025 1380 1130 1467 ύμυῖς,

108 1492 138 1541 17
149 1480 272 1541 πολλοῦ
293 1502 330 1561 γε
358 1479 415 1543 καί
441 1480 501 1562 δεῖ,
536 1478 601 1544 ἀλλ’
634 1481 688 1566 ἀφ’
711 1480 750 1564 ής
776 1481 900 1566 ἡμέρας
926 1482 1033 1547 ἀνεῖλε
1058 1487 1129 1547 Φω

149 1583 242 1661 κίας,
276 1583 340 1648 ἀπὸ
374 1585 494 1666 ταύτης
516 1585 607 1668 ἔγωγ’
643 1586 746 1650 αὐτὸν
781 1589 934 1668 πολεμεῖν
969 1586 1128 1669 ὁρίζομαι.

150 1688 236 1769 ὑμεῖς
251 1688 290 1767 δ’,
314 1687 374 1753 ἐὰν
388 1688 552 1771 ἀμύνησθ’
568 1690 642 1771 ήδη,
659 1691 886 1774 σωφρονήσειν
906 1692 1000 1773 φημί,
1024 1689 1087 1755 ἐὰν
1100 1691 1130 1753 δ’

151 1790 270 1874 ίάσηά,
287 1793 366 1857 οὐδὲ
381 1796 475 1857 τοῦθ’
492 1794 572 1857 ὅταν
584 1794 749 1876 βούλησθε
765 1793 968 1875 δυνήσεσθαι
982 1802 1127 1876 ποιήσαι.

150 1896 206 1958 καί
220 1896 379 1960 τοσοῦτόν
396 1898 425 1978 γ’
450 1895 616 1980 ἀφέστηκα
639 1905 705 1959 τῶν
722 1899 837 1977 ἀλλων,
861 1892 887 1959 ὦ
904 1898 1021 1981 ἀνδρες
1033 1892 1129 1979 Ἀθη·

150 2007 249 2077 ναῖοι,
271 2007 339 2062 τῶν
360 1999 665 2081 συμβουλευόντων,
688 1995 761 2064 ὥστ’
784 2000 864 2064 ούδὲ
879 2001 972 2064 δοκεῖ
983 2022 1042 2081 μοι
1056 2001 1131 2083 περὶ

110 2116 142 2165 18
153 2101 365 2184 Χερρονήσου
388 2112 450 2168 νῦν
479 2114 612 2167 σκοπεῖν
635 2103 714 2167 οὐδὲ
736 2105 928 2183 Βυζαντίου,
958 2102 1026 2166 ἀλλ’
1057 2103 1130 2168 ἐκα-

152 2214 255 2287 μύναι
284 2207 345 2287 μὲν
377 2208 522 2287 τούτοις,
556 2207 613 2270 καλ
635 2208 831 2291 διατηρῆσαι
858 2207 903 2289 μή
926 2228 958 2270 τι
986 2207 1130 2287 πάθωσι,

151 2310 369 2391 βουλεύεσθαι
391 2311 502 2393 μέντοι
523 2310 598 2393 περὶ
612 2311 748 2376 πάντων
766 2307 1006 2392 τῶνἙλλήνων
1029 2310 1075 2386 ὡς
1096 2311 1131 2376 ἐν

152 2414 298 2500 κινδύνφ
336 2415 465 2498 μεγάλῳ
500 2415 725 2477 καθεστώτων.
771 2414 931 2496 βούλομαι
964 2414 994 2476 δ’
1028 2414 1132 2479 εἰπεῖν

153 2518 236 2602 πρὸς
256 2517 351 2600 ύμάς,
374 2516 407 2594 ἐξ
430 2517 478 2582 ὧν
499 2518 582 2602 ὑπὲρ
604 2526 671 2582 τῶν
692 2519 892 2601 πραγμάτων
906 2519 994 2581 οὕτω
1011 2520 1131 2602 φοβοῦ-

153 2644 222 2702 μαι,
246 2622 287 2686 ίν’
303 2623 333 2685 εί
344 2621 417 2702 ’μὲν
438 2621 548 2706 ὀρθῶς
562 2623 739 2704 λογίζομαι,
761 2623 938 2705 μετάσχητε
958 2630 1026 2687 τῶν
1048 2625 1133 2705 λογι.

155 2735 246 2808 σμῶν
268 2727 324 2788 καὶ
345 2726 506 2809 πρόνοιάν
526 2729 585 2790 τιν’
616 2726 760 2808 ύμωνγ
790 2728 914 2806 αὐτῶν,
947 2727 977 2789 εί
1004 2726 1050 2809 μή
1078 2724 1132 2789 καί

153 2840 221 2894 τῶν
249 2833 356 2894 ἀλλων
382 2832 446 2912 ἀρα
473 2831 645 2912 βούλεσθε,
667 2830 866 2913 ποιήσησθε,
895 2830 938 2894 ἀν
958 2830 996 2894 δὲ
1023 2833 1133 2914 ληρεῖν

153 2935 210 2997 κοιλ
231 2938 444 3018 τετυφῶσθαι
466 2935 564 3013 δοκεῖ,
587 2935 667 3016 μήτε
693 2937 758 2998 νύν
780 2933 851 3016 μήτ’
875 2930 976 3008 αὖθις
999 2932 1045 3010 ὡς
1065 2935 1131 3016 ύγι-

154 3041 280 3104 αίνοντί
300 3061 357 3121 μοι
378 3038 563 3123 προσέχητε.

112 3158 144 3205 19
254 3142 323 3207 Ὅτι
349 3143 410 3224 μὲν
441 3140 482 3225 δή
506 3143 605 3223 μέγας
633 3139 669 3205 ἐκ
691 3149 810 3224 μικροῦ
832 3143 889 3203 καί
915 3140 1075 3205 ταπεινοῦ
1097 3139 1133 3204 τὸ

155 3242 223 3309 κατ’
249 3245 349 3330 ἀρχὰς
371 3246 390 3309 δ
415 3248 576 3320 Φίλιππος
590 3241 737 3326 ηὔξηται,
760 3245 816 3309 καὶ
832 3243 974 3319 ἀπίστως
988 3245 1046 3308 καὶ
1062 3260 1131 3308 στα-

157 3358 332 3425 σιαστικῶς
353 3349 464 3433 ἔχουσι
484 3347 567 3431 πρὸς
595 3347 718 3422 αὑτοὺς
745 3347 777 3409 οί
803 3345 965 3430 Ἕλληνες,
999 3347 1056 3410 καί
1085 3348 1132 3410 ὅτι

156 3455 263 3537 πολλῷ
300 3449 565 3534 παραδοξότερον
599 3459 760 3514 τοσοῦτον
797 3450 899 3515 αὐτὸν
935 3447 967 3527 ἐξ
1004 3448 1132 3515 ἐκείνου

157 3557 312 3638 γενέσθαι
339 3554 454 3636 ήνύν,
484 3555 535 3616 ὅθ’
559 3553 647 3617 ούτω
674 3552 778 3617 πολλά
807 3555 993 3639 προείληφε,
1016 3554 1073 3617 καὶ
1094 3553 1133 3617 τά
