2484 3992
377 288 681 354 ΟΛΥΝΘΙΑΚΟΣ
698 292 739 352 Α.
1024 284 1063 348 19

71 474 207 561 quibus
243 478 361 562 opibus
393 480 464 544 eius
499 477 581 543 belli
612 479 779 544 sustinere
807 485 945 562 possent
969 494 1064 559 onus,

72 582 178 645 cives
196 580 309 647 docuit
332 583 518 669 postulans,
541 594 579 648 ut
594 604 678 668 quas
695 581 876 668 quotannis
899 601 957 664 pro
974 579 1064 644 theo·

72 685 158 748 rico
181 686 373 771 acciperent
402 687 581 772 pecunias,
615 687 657 750 iis
687 685 731 750 ad
760 684 841 749 belli
865 692 1066 769 apparatum

73 797 271 854 uterentur.
283 825 325 834 -
337 789 477 855 Periclis
494 791 562 853 ism
585 787 791 873 temporibus
817 782 934 851 diebus
958 787 1065 869 festis,

76 890 210 977 quibus
238 892 293 957 vel
329 892 524 978 spectacula
559 893 593 957 in
628 891 762 956 theatro
793 890 983 974 agebantur
1010 888 1065 953 vel

76 993 216 1079 publici
238 994 310 1060 ludi
332 994 474 1077 fiebant,
503 1017 545 1059 ne
570 997 644 1080 quis
674 1003 810 1079 propter
832 1003 1066 1078 paupertatem

78 1098 237 1180 deesset,
273 1121 316 1164 ex
349 1100 481 1163 aerario
515 1098 647 1163 civibus
676 1108 770 1161 certa
800 1095 1067 1161 distribuebatur

79 1202 254 1287 pecuniae
271 1223 409 1285 summa,
433 1223 519 1287 quae
542 1200 586 1265 ab
610 1202 682 1287 ipso
707 1200 839 1265 theatro
863 1221 984 1265 nomen
1007 1199 1065 1265 ha·

78 1305 194 1370 bebat
232 1307 404 1388 θεωρικόν.
460 1305 540 1370 Post
580 1304 705 1370 bellum
742 1304 1066 1390 Peloponnesiacum

79 1407 232 1473 Euclide
247 1409 410 1474 archonte
424 1430 530 1473 novus
547 1410 768 1492 magistratus
793 1407 825 1490 (ὁ
841 1408 892 1471 ἐπὶ
915 1417 960 1493 τῷ
983 1413 1066 1471 θεω-

81 1512 183 1598 ρικῷ)
207 1511 284 1579 huic
299 1514 389 1598 parti
406 1511 532 1596 publici
553 1513 677 1577 aerarii
702 1511 950 1597 dispensandae
972 1534 1067 1598 prae·

81 1616 199 1680 fectus
224 1626 291 1698 cst3
314 1615 424 1680 altera
447 1624 560 1680 autem
576 1637 654 1700 pars
670 1616 896 1701 pecuniarum,
921 1636 1007 1700 quae
1025 1638 1067 1679 ex

82 1719 236 1807 publicis
251 1719 417 1785 reditibus
435 1728 658 1804 superessent,
676 1728 712 1783 ut
728 1718 810 1784 belli
826 1721 900 1784 usui
916 1740 1067 1783 reserva·

82 1832 192 1906 retur,
216 1845 253 1888 eo
277 1822 411 1909 quidem
434 1833 581 1908 tempore
597 1822 672 1907 lege
688 1833 822 1888 cautum
840 1833 922 1888 erat.
945 1823 1068 1886 Postea

84 1948 171 1991 vero
194 1948 271 1992 cum
293 1926 434 2012 populus
457 1925 546 1991 bello
571 1925 689 1991 sociali
717 1927 862 2011 turpiter
884 1925 1067 2011 composito

86 2029 329 2113 indignissima
340 2039 545 2114 torpesceret
557 2029 690 2096 desidia
702 2038 874 2114 totumque
887 2051 923 2094 se
931 2027 1069 2093 dederet

84 2131 331 2217 voluptatibus,
355 2155 525 2198 recessum
537 2143 587 2198 est
605 2156 625 2197 a
641 2133 804 2217 religione
820 2133 982 2197 hactenus
1000 2155 1068 2197 ser-

86 2245 188 2318 vata3
211 2235 343 2301 Eubulo
360 2238 447 2301 enim
474 2244 623 2320 auctore,
647 2239 703 2323 qui
727 2235 770 2301 ab
787 2258 875 2300 anno
891 2235 956 2298 354
969 2256 1067 2319 pecu·

85 2342 168 2403 niae
183 2339 339 2424 publicae
362 2340 647 2405 administrationi
664 2348 829 2424 praeerat,
853 2338 928 2421 lege
952 2339 1066 2402 sanxit

87 2441 245 2528 populus,
268 2453 304 2507 ut
328 2443 487 2528 quicquid
503 2441 646 2525 singulis
663 2444 761 2506 annis
778 2442 941 2526 pecuniae
958 2463 1069 2527 super·

90 2555 194 2629 essct,
217 2547 252 2611 in
268 2549 433 2612 communi
450 2546 674 2612 theoricorum
691 2548 822 2611 aerario
840 2545 1071 2631 deponeretur.

90 2650 164 2715 Nec
180 2649 280 2714 facile
293 2651 469 2735 quisquam
486 2649 527 2713 de
542 2648 753 2714 immutanda
769 2648 844 2732 lege
859 2649 1071 2731 rogationem

91 2754 181 2818 ferre
212 2753 256 2818 ad
285 2752 443 2839 populum
467 2752 633 2835 audebat,
663 2753 728 2816 nisi
753 2753 809 2837 qui
831 2753 1011 2816 manifesto
1037 2775 1072 2816 se

95 2856 288 2922 obiecturus
313 2867 403 2922 esset
425 2855 573 2941 periculo
603 2856 833 2920 accusationis
856 2857 1074 2938 succedatur,

94 2960 185 3046 quod
207 2960 413 3045 Apollodoro
437 2960 572 3024 cuidam
602 2958 743 3041 accidit,
779 2959 836 3042 qui
859 2980 879 3021 a
903 2956 1071 3021 iudicibus

93 3066 239 3150 pecunia
262 3065 424 3130 multatus
449 3073 516 3147 est,
552 3065 631 3149 quia
661 3063 732 3126 eius
760 3059 902 3125 consilio
931 3062 1072 3145 permoti

95 3168 331 3252 Athenienses,
355 3191 430 3234 cum
446 3169 615 3233 exercitus
639 3168 674 3231 in
689 3165 829 3231 Euboea
852 3164 895 3230 ab
918 3163 1073 3229 hostibus

97 3273 250 3356 graviter
271 3281 495 3358 premeretur,
525 3270 677 3335 theorica
700 3270 735 3333 in
758 3291 856 3333 usum
877 3267 959 3332 belli
983 3269 1073 3334 insu·

97 3398 187 3440 mere
211 3374 430 3439 decreverant
455 3371 554 3456 (348).
571 3410 613 3418 -
630 3371 815 3458 Olynthum
837 3370 1073 3454 Athenienses,

98 3501 298 3566 quamquam
321 3488 373 3544 ter
397 3500 434 3544 eo
458 3479 621 3542 miserunt
651 3474 796 3557 auxilia,
827 3497 963 3539 servare
991 3499 1011 3539 a
1040 3476 1075 3537 vi

97 3582 319 3651 Macedonica
331 3603 398 3647 non
410 3589 600 3668 potuerunt.
617 3578 758 3643 Duobus
772 3576 925 3642 adversis
937 3574 1075 3660 proeliis

938 3675 970 3723 2*
