2484 3992
62 292 66 299 .
185 232 228 295 34
454 232 514 295 ΠΙ.
540 230 906 293 ΔΗΜΟΣΘΕΝΟΡΣ

185 427 282 498 εἴτις
313 422 439 505 αἵρεσίν
466 443 522 503 μοι
555 421 610 484 δοί
638 468 646 497 ,
679 420 740 501 τήν
764 424 821 501 τής
853 418 1009 501 ἡμετέρας
1042 420 1183 494 πόλεως

183 528 285 608 τύχην
306 525 348 589 ἂν
369 525 510 606 ἑλοίμην,
533 522 715 588 ἐθελόντων
738 524 759 585 οἳ
781 521 938 605 προσήκει
950 531 1060 585 ποιεῖν
1076 520 1184 604 ὑμῶν

185 630 295 693 αὐτῶν
316 629 371 691 καῖ
392 629 476 692 κατὰ
491 628 617 710 μικρόν,
634 626 654 707 ή
669 626 730 707 τήν
745 624 890 688 ἐκείνου·
912 626 996 687 πολὺ
1008 629 1075 708 γὰρ
1087 628 1182 689 πλεί-

184 754 243 806 ους
265 730 417 814 ἀφορμάς
431 730 477 805 εἰς
499 730 536 793 ’τὸ
551 729 611 809 τήν
626 728 716 812 παρα
731 735 797 790 τῶν
811 732 901 792 θεῶν
923 730 1059 792 εὔνοιαν
1085 729 1181 812 ἔχειν

140 835 251 917 εεόροῖ
274 834 353 915 ύμῖν
375 836 477 908 οὔσας
491 833 511 915 ή
527 834 643 917 ’κείυφ
668 831 746 912 ἀλλ’,
765 828 865 913 οἰμαι,
888 830 1051 913 καθήμεθ’
1068 833 1181 896 οὐδὲν

183 947 371 1012 ποιοῦντες·
394 937 456 1000 οὐκ
478 936 527 999 ἔνι
548 936 576 998 δ’
595 934 697 999 αὐτὸν
713 932 866 1017 ἀργοῦντ’
883 933 962 998 οὐδὲ
974 944 1046 1010 Ιτοῖς
1060 937 1180 1018 φίλοις

184 1039 365 1103 ἐπιτάττειν
392 1037 476 1121 ὑπὲρ
506 1037 610 1100 αὑτοῦ
632 1060 663 1101 τι
691 1047 813 1117 ποιεῖν,
848 1037 891 1118 μή
922 1038 956 1099 τί
975 1058 1011 1120 γε
1035 1037 1076 1119 δὴ
1103 1048 1180 1115 τοῖς

184 1147 283 1218 θεοῖς.
308 1141 349 1206 οὐ
373 1140 413 1222 δή
435 1143 632 1223 θαυμαστόν
654 1140 753 1221 ἐστιν,
782 1142 811 1204 εἰ
835 1142 1092 1225 στρατευόμενος
1115 1146 1179 1208 καὶ

183 1254 295 1310 πονῶν
323 1245 446 1320 ἐκεῖνος
473 1243 573 1319 αὐτὸς
594 1244 650 1307 καὶ
672 1244 787 1328 παρὼν
816 1243 865 1329 ἐφ’
887 1244 987 1308 ἅπασι
1002 1246 1065 1307 ’καὶ
1088 1247 1178 1328 μήτε

184 1350 301 1432 καιρὸν
328 1345 405 1431 μήθ’
429 1350 519 1431 ὥραν
547 1349 758 1431 παραλείπων
783 1349 878 1430 ήμῶν
900 1350 1092 1431 μελλόντων
1115 1352 1178 1414 καί

184 1454 413 1537 ψηφιζομένων
440 1453 496 1516 καί
522 1453 786 1534 πυνθανομένων
814 1454 1041 1536 περιγίγνεται.
1089 1454 1177 1518 οὐδὲ

184 1558 343 1639 θαυμάζω
358 1558 445 1619 τοῦτ’
462 1556 543 1639 ἐγώ·
558 1555 755 1619 τούναντίον
768 1557 833 1640 γὰρ
850 1556 890 1618 ἂν
905 1552 947 1637 ήν
958 1559 1176 1637 θαυμαστόν,

184 1660 213 1725 εἰ
235 1661 339 1742 μηδὲν
360 1670 532 1735 ποιοῦντες
554 1658 647 1740 ήμεῖς
662 1658 709 1722 ὧν
723 1668 791 1734 τοῖς
804 1662 984 1740 πολεμοῦσι
997 1660 1174 1741 προσήκει,

141 1773 243 1828 εῖτοῢ
265 1765 372 1827 πάντα
394 1772 568 1837 ποιοῦντος
589 1770 755 1845 περιῆμεν.
787 1760 975 1825 ἀλλ’ἐκεῖνο
995 1766 1174 1844 θαυμάζω,

184 1866 214 1929 εἰ
229 1867 502 1949 Λακεδαιμονίοις
516 1867 576 1948 μέν
597 1870 678 1946 ποτ’,
702 1862 861 1949 ὦάνδρες
879 1861 1061 1947 Ἀθηναῖοι,
1083 1867 1174 1950 ὑπὲρ

183 1980 249 2034 τῶν
264 1971 460 2053 Ἑλληνικῶν
475 1970 613 2034 δικαίων
629 1969 786 2052 ἀντήρατε
810 1970 864 2031 καὶ
886 1971 975 2032 πόλλ’
992 1970 1061 2053 ἰδία
1077 1974 1173 2035 πλεο

183 2081 336 2152 νεκτήσαι
357 2074 510 2147 πολλάκις
533 2072 612 2154 ὑμῖν
634 2072 708 2149 ἰξὸν
730 2072 791 2134 οὐκ
814 2071 1003 2153 ήθελήσατε,
1034 2069 1101 2134 ἀλλ’
1130 2074 1172 2135 ἵν’

184 2177 216 2238 οἰ
239 2179 329 2238 ἄλλοι
351 2178 473 2259 τύχωσι
494 2185 560 2240 τῶν
582 2177 729 2255 δικαίων,
752 2176 792 2238 τὰ
815 2176 942 2259 ὑμέτερ’
958 2175 1071 2237 αὐτῶν
1093 2175 1171 2258 άνη-

183 2275 295 2342 λίσκετ’
311 2279 516 2364 εἰσφέροντες
527 2279 582 2342 καί
593 2279 890 2362 προύκινδυνεύετε
903 2282 1170 2362 στρατευόμενοι,

183 2384 259 2446 νυνὶ
275 2383 303 2445 δ’
320 2382 435 2446 ὀκνεῖτ’
459 2380 577 2459 ἐξιέναι
599 2384 656 2446 καί
677 2385 796 2464 μέλλετ’
821 2382 984 2466 εἰσφέρειν
1000 2384 1086 2469 ὑπὲρ
1101 2395 1170 2449 τῶν

184 2486 351 2568 ὑμετέρων
366 2485 477 2549 αὐτῶν
492 2487 674 2568 κτημάτων,
691 2487 746 2548 καῖ
761 2487 838 2561 τοὺς
853 2486 914 2567 μέν
929 2488 1049 2562 ἄλλους
1066 2494 1168 2551 σεσώ-

184 2611 260 2652 κατε
282 2589 436 2664 πολλάκις
458 2591 582 2664 πάντας
604 2593 679 2653 καθ’
697 2587 739 2654 ἕν’
758 2593 868 2654 αὐτῶν
891 2590 927 2653 έν
948 2593 1051 2674 μέρει,
1074 2592 1116 2654 τδι
1138 2588 1166 2654 δ’

148 2691 309 2776 εσύμέτερ
323 2692 433 2754 αὐτῶν
448 2692 687 2767 ἀπολωλεκότες
698 2694 856 2775 κάθησθε.
880 2703 984 2757 ταῦτα
994 2697 1166 2776 θαυμάζω,

182 2794 239 2858 καί
261 2794 307 2857 ἔτι
328 2794 411 2877 πρὸς
431 2796 568 2874 τούτοις,
590 2796 619 2859 εἰ
642 2797 754 2878 μηδεὶς
768 2796 871 2879 ὑμῶν,
895 2793 921 2859 ὦ
944 2793 1164 2879 άνδρεςἉδη·

181 2907 280 2978 ναῖοι,
309 2899 449 2962 δύναται
477 2901 688 2980 λογίσασθαι,
718 2902 823 2963 πόσον
852 2903 1018 2983 πολεμεῖτε
1047 2903 1165 2985 χρόνον

186 3002 347 3088 Φιλίππῳ,
363 3003 419 3065 καί
433 3002 466 3064 τί
481 3004 669 3069 ποιούντων
691 3002 785 3085 ὑμῶν
800 3002 818 3065 ὁ
833 3004 950 3087 χρόνος
971 3004 1162 3085 διελήλυθεν

183 3102 288 3181 οὗτος.
333 3108 402 3169 ἰστε
424 3107 487 3189 γὰρ
511 3105 618 3187 δήπου
642 3110 745 3186 τοῦδ,
767 3107 816 3169 ότι
839 3108 1022 3188 μελλόντων
1045 3108 1161 3185 αὐτόν,

183 3206 315 3290 ἑτέρους
335 3207 427 3283 τινάς
453 3206 647 3286 ἐλπιζόντων
673 3208 816 3293 πράξειν,
847 3210 1050 3292 αἰτιωμένων
1073 3210 1159 3291 άλλή·

183 3312 272 3389 λους,
287 3311 478 3391 κρινόντων,
499 3314 599 3377 πάλιν
613 3311 816 3393 ἐλπιζόντων,
841 3310 956 3396 σχεδόν
969 3315 1067 3377 ταῦθ’
1085 3313 1159 3395 άπερ

141 3428 175 3479 26
183 3412 261 3477 νυνὶ
275 3413 472 3493 ποιούντων,
488 3413 573 3491 όίπας
588 3414 607 3478 ό
621 3416 738 3499 χρόνος
752 3416 953 3498 διελήλυθεν.
983 3411 1047 3480 εἰθ’
1063 3417 1159 3492 οὕτως

186 3514 385 3599 ἀγνωμόνως
407 3517 495 3598 ἔχετ’,
518 3513 544 3585 ὦ
566 3519 685 3602 ἄνδρες
702 3517 881 3602 Ἀθηναῖοι,
905 3521 987 3584 ὥστε
1002 3520 1045 3583 δι’
1069 3519 1157 3584 ὦνέιι
