2484 3992
375 216 679 279 ΟΛΤΝΘΙΑΚΟΣ
695 219 732 280 Β.
1018 216 1061 282 33

71 402 324 487 ἀνυπέρβλητον
350 398 451 469 εἶναι·
486 404 516 469 εί
551 403 589 468 δέ
622 425 672 479 τις
706 408 848 489 σώφρων
880 405 900 487 ῆ
934 406 1061 482 δίκαιος

75 508 194 587 ἀλλως,
217 505 278 589 τὴν
299 510 374 571 καθ’
390 506 516 590 ἡμέραν
537 508 701 589 ἀκρασίαν
720 516 781 571 τοῦ
796 508 873 590 βίον
887 508 943 571 καλ
957 509 1065 592 μίθην

75 609 134 673 καὶ
149 610 393 693 κορδακισμοὺς
407 610 448 674 ού
463 611 648 694 δυνάμενος
662 611 785 694 φέρειν,
801 616 993 693 παρεῶσθαι
1008 613 1063 676 καλ

75 711 115 777 έν
138 706 277 788 οὐδενὸς
297 709 382 778 εἶναι
403 714 494 797 μέρει
515 713 574 779 τὸν
594 722 756 779 τοιοῦτον.
779 715 915 790 λοιποὺς
929 714 970 798 δὴ
986 717 1061 797 περὶ
1072 733 1103 781 19

76 815 184 880 αὐτὸν
206 811 290 881 εἶναι
311 817 430 901 ληστάς
444 818 500 881 καί
514 818 657 893 κόλακας
671 817 727 881 καλ
741 818 913 894 τοιούτους
935 818 1062 902 ἀνθρῶ·

74 939 172 1000 πους,
184 919 277 996 οἵους
287 922 513 1003 μεθυσθέντας
528 920 697 1005 ὀρχεῖσθαι
712 925 858 1003 τοιαῦτα,
871 921 912 985 οῖ’
924 920 989 1005 έγῶ
1000 932 1064 988 νῦν

75 1022 166 1088 ὀκνῶ
171 1023 254 1108 κρδς
261 1022 524 1108 ύμᾶςδνομάσαι.
536 1026 638 1107 δῆλον
649 1025 679 1088 δ’
689 1025 738 1089 ὅτι
745 1021 834 1089 ταῦτ’
842 1024 931 1091 ἐστίν
938 1026 1062 1108 ἀληθῆ·

75 1127 220 1210 καὶγὰρ
243 1129 302 1204 οὓς
323 1126 458 1192 ένθένδε
480 1129 598 1203 πάντες
620 1127 812 1209 ἀπήλαυνον
834 1126 877 1203 ῶς
898 1130 983 1192 πολὺ
998 1137 1064 1193 τῶν

76 1236 341 1313 θαυματοποιῶν
363 1231 614 1315 ἀσελγεστέρους
636 1234 742 1311 ύντας,
764 1232 913 1296 Καλλίαν
936 1231 1062 1298 ἐκεῖνον

77 1333 138 1397 τδν
159 1335 320 1418 δημόσιον
334 1334 390 1398 καλ
404 1335 577 1409 τοιούτους
596 1334 717 1416 μίμους
738 1336 875 1417 γελοίων
896 1336 952 1398 καί
973 1355 1063 1419 ποιη·

76 1437 139 1513 τδς
160 1438 302 1522 αἰσχρῶν
324 1434 490 1525 ᾀσμάτων,
514 1435 562 1501 ὧν
575 1437 621 1513 εἰς
635 1437 713 1512 τοὺς
729 1439 889 1514 συνόντας
909 1448 1065 1504 ποιοῦσιν

79 1539 177 1604 ἕνεκα
199 1550 260 1605 τοῦ
280 1543 491 1623 γελασθῆναι,
513 1540 653 1614 τούτους
675 1538 787 1626 ἀγαπᾷ
801 1542 856 1604 καί
870 1542 945 1625 περὶ
960 1542 1064 1606 αὑτὸν

78 1643 154 1726 ἔχει.
198 1644 304 1709 καίτοι
327 1652 441 1724 ταῦτα,
463 1643 520 1707 καί
541 1643 571 1708 εί
587 1644 689 1728 μικρά
709 1665 759 1719 τις
779 1644 915 1726 ἡγεῖται,
938 1647 1060 1728 μεγάλ’,
1070 1661 1104 1708 20

77 1742 106 1810 ὦ
130 1746 246 1831 ἀνδρες
260 1744 438 1830 Ἀθηναῖοι,
462 1745 618 1829 δείγματα
639 1754 696 1830 τῆς
710 1745 838 1812 ἐκείνου
853 1749 985 1830 γνώμης
1004 1749 1059 1812 καλ

76 1851 335 1933 κακοδαιμονίας
344 1850 434 1915 έστλν
447 1859 516 1926 τοῖς
527 1846 565 1916 εὖ
576 1859 769 1935 φρονοῦσιν.
792 1851 870 1932 ἀλλ’,
883 1847 985 1934 οἶμαι,
1000 1862 1064 1917 νῦν

79 1956 141 2039 μέν
155 1954 317 2021 έπισκοτεῑ
330 1956 459 2032 τούτοις
473 1956 511 2020 τὸ
526 1960 731 2038 κατορθοῦν·
755 1955 790 2019 αἱ
809 1956 873 2039 γὰρ
888 1954 1062 2039 εὐπραξίαι

78 2060 187 2123 δειναί
210 2060 399 2144 συγκρύψαι
413 2059 454 2123 τὰ
468 2062 592 2125 τοιαῦτ
609 2059 735 2142 ὀνείδη·
759 2060 788 2123 εί
810 2060 847 2124 δέ
869 2082 900 2124 τι
922 2061 1061 2141 πταίσει,

78 2163 146 2227 τότ’
174 2161 315 2246 ἀκριβῶς
348 2162 451 2227 αύτοῦ
484 2160 577 2228 πάντ’
613 2161 871 2245 ἐξετασθήσεται.
916 2160 1060 2227 δοκεῑδ

80 2265 193 2349 ἔμοιγ’,
217 2261 243 2328 ὠ
266 2266 384 2349 ἀνδρες
411 2268 595 2348 Ἀθηναῖοι,
627 2264 744 2344 δείξειν
770 2261 833 2331 οὐκ
855 2267 901 2342 είς
923 2269 1062 2351 μακράν,

81 2371 123 2434 ἂν
145 2369 183 2433 οῗ
192 2391 227 2435 τε
248 2372 321 2435 θεολ
342 2371 464 2436 θέλωσι
485 2371 542 2434 καί
563 2369 656 2451 ὑμεῖς
670 2371 844 2452 βούλησθε.
873 2370 982 2452 ὥσπερ
996 2371 1061 2451 γὰρ
1070 2384 1103 2432 21

78 2472 118 2538 έν
128 2482 195 2549 τοῖς
207 2474 364 2555 σώμασιν,
379 2474 458 2550 τέως
469 2474 530 2555 μέν
542 2474 583 2536 ἂν
594 2473 776 2557 ἐρρωμένος
791 2463 812 2556 ᾖ
828 2494 885 2553 τις,
901 2472 1001 2537 οὐδέν
1016 2471 1031 2536 ἑ
1056 2508 1067 2520 ·

80 2579 284 2663 αισθάνεται,
307 2577 390 2642 έπδιν
413 2574 442 2642 δ’
466 2577 665 2663 ἀρρώστημά
687 2599 718 2642 τι
741 2578 858 2662 συμβῇ,
886 2578 994 2641 πάντα
1016 2599 1062 2640 κι-

79 2690 193 2762 νεῖται,
209 2680 273 2745 κάν
287 2679 405 2765 ῥῆγμα,
420 2680 484 2745 κάν
499 2681 654 2765 στρέμμα,
670 2681 732 2745 κᾶν
747 2683 825 2742 ἀλλο
835 2703 866 2744 τι
882 2691 949 2745 τῶν
963 2681 1064 2764 ύπαρ·

80 2787 206 2869 χύντων
230 2789 368 2869 σαθρῶν
389 2775 421 2872 ᾖ,
444 2786 531 2850 οὕτω
553 2786 608 2849 καλ
631 2794 698 2850 τῶν
718 2786 845 2849 πόλεων
860 2786 915 2849 καλ
930 2794 997 2850 τῶν
1010 2809 1064 2851 τυ.

81 2892 229 2975 ράννων,
263 2888 324 2964 ἕως
346 2889 407 2972 μέν
429 2888 470 2954 διν
492 2886 553 2965 ἔξω
573 2892 748 2970 πολεμῶσ,
782 2888 893 2972 ἀφανῆ
915 2889 956 2953 τὰ
977 2891 1064 2954 κακὰ

80 3005 150 3070 τοῖς
159 2996 290 3069 πολλοῖς
301 2993 399 3073 ἐστιν,
411 2992 546 3058 ἐπειδὰν
558 2993 587 3057 δ’
597 2993 717 3075 ὅμορος
727 2993 868 3074 πόλεμος
879 2995 1062 3078 συμπλακῇ,

82 3101 176 3164 πάντ’
199 3097 353 3181 ἐποίησεν
376 3097 504 3180 ἔκδηλα.

180 3202 223 3265 El
245 3201 283 3264 δέ
303 3223 352 3277 τις
373 3200 477 3282 ὑμῶν,
502 3197 662 3285 ῶμάνδρες
680 3194 859 3283 Ἀθηναῖοι,
882 3199 941 3264 τὸν
954 3201 1107 3265 olam-22

82 3326 145 3370 πον
173 3304 367 3386 εὐτυχοῦνθ’
391 3302 479 3387 ὁρῶν
501 3304 603 3388 ταύτη
634 3303 775 3388 φοβερὸν
796 3307 1063 3387 προσπολεμῆσαι

83 3409 211 3492 νομίζει,
246 3411 416 3491 σώφρονος
448 3406 509 3490 μέν
539 3405 722 3491 ἀνθρώπου
754 3409 897 3491 λογισμῷ
930 3414 1062 3491 χρῆται·

83 3512 200 3596 μεγάλη
216 3510 281 3593 γὰρ
296 3508 391 3594 ῥοπή,
413 3510 537 3594 μᾶλλον
559 3510 589 3574 δ’
613 3510 690 3574 ὅλον
710 3510 730 3592 ἡ
754 3511 833 3593 τύχη
855 3508 946 3592 παρὰ
966 3510 1062 3571 πάντ’

83 3613 148 3679 έστλ
169 3613 209 3676 τὰ
231 3621 297 3677 τῶν
320 3612 507 3697 ἀνθρώπων
520 3614 711 3697 πράγματα·
735 3612 776 3676 οὐ
790 3611 856 3693 μὴν
871 3610 939 3673 ἀλλ’
956 3610 1061 3691 έγωγ’,

131 3729 342 3776 οειιοετεκιιιιε.
908 3712 924 3759 3
