2484 3992
373 248 498 310 ΚΑΤΑ
524 247 756 309 omnnem
775 249 815 310 A.
1067 242 1087 306 3

100 438 173 503 tuti
186 445 300 503 essent
313 434 357 501 ab
371 434 751 501 insidiisMacedonum:
765 433 917 498 eLemno
929 442 962 498 et
975 433 1087 498 Imbro

99 539 228 607 insulis
250 541 379 624 captivi
402 537 535 624 abrepti
558 548 637 603 sunt
659 539 752 604 cives
775 536 1015 619 Athenienses,
1043 535 1089 600 ad

99 643 282 709 Euboeam
297 645 520 709 mercatoriae
536 664 641 708 naves
659 641 896 728 deprehensae,
920 638 965 703 ad
980 641 1088 724 ipsam

100 747 246 813 Atticae
258 769 349 812 oram
362 745 454 811 hand
465 745 582 831 procul
590 744 819 811 aMarathone
831 766 930 809 sacra
942 746 1087 811 triremis

99 859 219 936 capta.
250 847 414 915 Sollicitis
439 849 481 913 de
495 849 537 914 iis
561 848 662 913 rebus
684 848 807 912 civium
832 850 953 913 animis
978 869 1087 932 super·

91 954 201 1019 =venit
223 955 361 1019 nuntius
377 951 566 1038 Philippum
583 950 694 1017 subito
711 950 918 1016 eThessalia
934 953 968 1015 in
980 949 1085 1014 Thra·

100 1059 197 1122 ciam
219 1057 405 1143 proiectum
426 1064 542 1142 petere
558 1054 812 1137 Chersonesum,
836 1077 935 1139 quam
948 1053 1086 1118 Atheni·

101 1182 205 1225 enses
228 1159 357 1246 aliquot
374 1169 454 1225 ante
471 1162 569 1226 annis
593 1181 675 1224 suae
697 1160 850 1224 fecerant
874 1157 1029 1241 dicionis,
1053 1167 1087 1222 et

101 1263 280 1328 imminere
303 1263 464 1349 Olyntho.
508 1261 628 1328 Crebri
660 1272 838 1348 praeterea
867 1283 1015 1326 rumores
1045 1260 1086 1325 de

100 1366 185 1432 aliis
219 1367 310 1450 regis
344 1365 496 1432 consiliis
531 1363 682 1431 Athenas
716 1364 951 1431 referebantur
984 1386 1085 1449 auge·

100 1469 257 1555 bantque
279 1490 454 1554 pavorem3
483 1471 622 1547 itemin
652 1468 803 1534 morbum
827 1491 901 1533 eum
924 1468 1086 1534 incidisse

43 1636 57 1645 ,
101 1575 140 1637 in
165 1570 312 1638 Thracis
336 1571 476 1637 allatum
508 1582 575 1655 est,
608 1593 716 1657 neque
746 1575 802 1658 qui
832 1571 983 1636 dicerent
1013 1594 1086 1636 eum

102 1697 182 1741 esse
200 1684 367 1740 mortuum
385 1674 534 1740 deerant.
563 1676 619 1741 Ita
642 1675 740 1740 modo
764 1677 895 1740 incerta
912 1696 971 1760 spe
986 1674 1084 1740 modo

100 1780 226 1843 timore
248 1779 417 1861 exagitati
440 1799 516 1842 cum
538 1781 708 1844 nescirent
731 1779 834 1861 cives,
856 1779 991 1843 cuinam
1013 1801 1085 1844 cre·

103 1882 226 1947 derent
254 1882 378 1968 quidve
409 1893 498 1947 esset
526 1882 738 1964 faciendum,
771 1881 1017 1946 Demosthenes
1051 1886 1085 1948 in

101 1986 264 2057 contione
278 1987 464 2050 orationem
481 1985 598 2052 habuit
611 1987 894 2074 Philippicam
910 1988 1014 2072 prim
1025 2010 1084 2052 am

101 2089 243 2154 ineunte
258 2098 295 2153 ut
311 2088 447 2154 videtur
462 2112 551 2154 anno
567 2088 640 2173 351,
664 2111 730 2175 qua
746 2112 867 2155 novam
886 2100 1085 2177 proponeret

101 2190 187 2256 belli
211 2192 351 2275 gerendi
374 2194 549 2258 rationem.

192 2398 235 2460 El
248 2398 310 2480 μὲν
322 2400 396 2482 περὶ
410 2409 527 2462 καινοῦ
538 2421 628 2474 τινος
642 2402 830 2482 πράγματος
844 2403 1041 2485 assertore,
1058 2402 1084 2467 ὦ

104 2500 224 2585 ἄνδρες
235 2497 414 2585 Ἀθηναῖοι,
437 2504 551 2585 λέγειν,
574 2501 715 2585 ἐπισχὼν
733 2506 784 2582 ἄν,
807 2502 868 2578 ἔας’
889 2504 921 2567 οἱ
942 2508 1085 2570 πλεῖστοι

103 2611 172 2666 τών
193 2604 363 2669 εἰωθότων
383 2607 518 2687 γνώμην
540 2605 761 2687 ἀπεφήναντο,
784 2606 825 2687 εἰ]
834 2607 895 2688 μὲν
916 2610 1032 2691 ἤρεσκέ
1054 2611 1087 2673 τί

104 2728 163 2789 μοι
184 2715 251 2771 τών
272 2707 485 2773 ὑπὸτούτου
507 2709 687 2793 ῥηθέντων,
709 2695 913 2793 ἡσυχίανᾶν
936 2708 1027 2794 ἦγον,
1056 2715 1085 2777 εἰ

105 2811 144 2874 δὲ
166 2812 220 2893 μή,
242 2813 308 2875 τότ’
331 2813 374 2878 ἂν
394 2814 514 2889 καύτὸς
536 2814 721 2896 ἐπειρώμην
743 2816 949 2896 ἃγιγνώσιιω
963 2817 1083 2897 λέγειν·

105 2914 217 2995 ἐπειδὴ
240 2916 269 2978 θ’
286 2914 368 2999 ὑπὲρ
390 2916 437 2979 niv
451 2920 605 2992 πολλάκις
619 2918 791 3000 εἰρήκασιν
806 2916 899 2981 οὗτοι
914 2920 1083 2999 πρότερον,

107 3019 279 3100 συμβαίνει
293 3022 349 3083 καὶ
362 3022 440 3083 νυνὶ
456 3030 597 3100 σκοπεῖν,
620 3021 765 3102 ἡγοῦμαι
780 3022 835 3084 καὶ
855 3030 983 3103 πρώτος
1007 3022 1084 3084 ἀνα·

107 3121 184 3196 στας
217 3123 348 3197 εἰκότως
378 3123 419 3186 ἂν
449 3127 644 3206 συγγνώμης
676 3126 858 3206 τυγχάνειν.
905 3126 933 3188 sl
958 3126 1022 3207 γὰρ
1048 3124 1084 3188 ἐκ

105 3233 166 3287 τοῦ
189 3228 452 3309 παρεληλυθότος
473 3229 593 3310 χρόνου
616 3229 657 3289 τὰ
680 3228 789 3290 δέονθ’
813 3226 906 3291 οὗτοι
926 3229 1083 3309 συνεβού-

109 3330 241 3406 λευσαν,
264 3329 365 3393 οὐδὲν
388 3329 429 3392 ἂν
450 3330 536 3412 ὑμᾶς
558 3340 621 3393 νῦν
643 3332 710 3395 ἔδει
733 3331 959 3411 βουλεύεσθαι.

195 3434 332 3514 Πρώτου
354 3433 414 3514 μὲν
435 3429 497 3496 οὖν
520 3433 581 3496 οὐκ
597 3434 794 3516 ἀθυμητέον,
819 3431 978 3516 ώᾶνθρες
993 3435 1113 3514 Ἀθη-ε

105 3543 204 3615 ναῖοι,
232 3544 301 3611 τοῖς
328 3545 471 3619 παροῦσι
493 3536 796 3620 πραγμασιν,·οὐδ’
820 3537 848 3599 εἰ
880 3539 969 3599 πάνυ
999 3535 1081 3614 φαύ·

930 3635 962 3683 1st
