2484 3992
377 227 503 289 ΚΑΤΑ
528 226 760 288 ΦΙΛΙΠΠΟῬ
779 226 818 287 Α.
1068 220 1090 284 5

107 414 236 497 ἔρημον
258 415 338 478 ὅντα
361 415 549 497 συμμάχων,
572 412 673 477 οὐδὲν
688 412 729 475 άν
751 412 798 474 ὧν
817 412 894 475 νυνὶ
915 412 1091 493 πεποίηκεν

108 514 251 600 ἔπραξεν
279 516 357 581 οὑδὲ
383 519 548 598 τοσαύτην
575 514 723 597 ἐκτήσατ’
754 515 796 579 ἂν
823 512 976 598 δύναμιν.
1022 516 1090 578 άλλ’

107 619 211 700 είδεν,
235 618 261 685 ὦ
284 622 403 706 ἄνδρες
421 618 602 704 Ἀθηναῖοι,
625 631 725 685 τοῦτο
746 623 852 695 καλῶς
873 620 1011 700 ἐκεῖνος,
1041 622 1091 684 ὅτι

107 736 218 790 ταῦτα
240 727 300 808 μέν
322 725 411 789 έστιν
433 725 562 789 ὑίπαντα
583 726 624 789 τδι
646 729 733 807 χωρί
758 722 845 788 ἆθλα
866 733 926 788 τοῦ
948 724 1091 805 πολέμου

108 826 231 912 κείμεν’
262 828 300 894 έν
320 830 425 916 μέσῳ,
460 830 557 910 φύσει
580 830 609 892 δ’
632 829 771 912 ὑπάρχει
798 838 866 904 τοῖς
886 837 1031 911 παροῦσι
1051 828 1093 891 τδι

108 941 181 996 τῶν
197 932 418 1017 άπάντωνζκαί
433 942 501 1008 τοῖς
515 931 667 996 ἐθέλουσι
687 942 802 996 πονεῖν
816 933 872 995 καί
886 931 1093 996 κινδυνεύειν

110 1038 156 1099 τά
176 1044 244 1100 τῶν
267 1037 484 1118 ἀμελούντων.
528 1037 584 1099 καί
606 1038 743 1120 γάρτοι
770 1038 872 1118 ταύτῃ
896 1038 1122 1120 χρησάμενοςσ

111 1147 154 1222 τῇ
175 1140 289 1223 γνώμη
304 1141 412 1202 πάντα
427 1140 663 1223 κατέστραπται
685 1141 742 1202 καί
764 1139 826 1221 έχει
848 1139 888 1201 τδι
911 1138 971 1220 μὲν
994 1137 1037 1214 ὡς
1052 1139 1094 1201 ἂν

113 1241 200 1306 ἑλών
220 1265 269 1318 τις
290 1244 435 1327 πολέμῳ,
464 1242 505 1306 τὰ
533 1242 569 1306 δὲ
596 1243 751 1325 σύμμαχα
779 1243 835 1305 καί
858 1244 936 1324 φίλα
958 1243 1092 1325 ποιησά-

113 1363 229 1428 μενος·
263 1346 319 1409 καλ
345 1346 409 1428 χδιρ
438 1355 618 1427 συμμαχεῖν
648 1347 704 1408 καί
732 1347 905 1427 προσέχειν
932 1345 991 1409 τὸν
1012 1354 1095 1409 νοῦν

112 1452 245 1526 τούτοις
259 1450 434 1514 ἐθέλουσιν
448 1450 598 1529 ἅπαντες,
622 1452 681 1526 οὑς
704 1450 745 1513 ἂν
760 1450 862 1533 δρῶσι
876 1466 1094 1534 παρεσκευασ-

114 1553 237 1635 μένους
259 1553 315 1616 καί
336 1554 491 1636 πράττειν
513 1551 686 1627 ἐθέλοντας
709 1554 730 1614 ἃ
752 1553 821 1636 χρή.
867 1552 909 1616 ἂν
922 1555 1046 1630 τοίνυν,
1071 1548 1122 1616 ὦῖ

116 1657 236 1739 ἄνδρες
255 1652 435 1738 Ἀθηναῖοι,
457 1658 513 1718 καί
535 1656 628 1738 ὑμεῖς
650 1656 703 1720 ἐπί
725 1664 782 1738 της
809 1657 965 1739 τοιαύτης
987 1654 1094 1737 ἐθελή-

117 1775 195 1842 σητε
215 1759 371 1841 γενέσθαι
392 1760 525 1842 γνώμης
546 1769 625 1839 νῦν,
655 1759 829 1842 ἐπειδήπερ
857 1759 898 1823 ού
925 1761 1094 1843 πρότερον,

115 1863 174 1925 καί
196 1861 331 1938 ἕκαστος
352 1862 460 1945 ὑμῶν,
488 1861 530 1926 οὑ
553 1863 606 1927 δεῖ
625 1863 681 1926 καί
704 1860 829 1927 δύναιτ’
855 1863 897 1926 ἂν
917 1871 1097 1946 παρασχεῖν

118 1964 221 2030 αὑτὸν
242 1965 400 2049 χρήσιμον
414 1975 453 2050 τή
467 1968 569 2046 πόλει,
591 1974 702 2030 πᾶσαν
718 1967 811 2049 ἀφείς
831 1967 1001 2049 εἰρωνείαν
1015 1965 1095 2029 ε’τοί·

117 2092 179 2153 μος
200 2072 354 2152 πράττειν
376 2069 513 2154 ὑπάρξῃ,
536 2070 555 2134 ὁ
578 2071 638 2153 μὲν
660 2072 795 2153 χρήματ’
819 2071 900 2154 ἔχων
922 2071 1095 2154 εἰσφέρειν,

118 2172 190 2236 ὁδ’
218 2172 256 2237 έν
284 2173 393 2258 ήλικίᾳ
422 2174 672 2254 στρατεύεσθαι,
706 2210 745 2219 -
781 2176 952 2237 συνελόντι
980 2173 1009 2235 δ’
1038 2173 1099 2237 ἐὰν

119 2274 215 2357 ὑμῶν
237 2274 347 2339 αὑτων
369 2275 541 2358 ἐθελήσητε
563 2277 790 2357 γενέσθαικαὶ
810 2278 974 2359 παύσησθ)
999 2274 1098 2349 αὑτὸς

119 2378 181 2460 μέν
202 2379 302 2443 οὐδὲν
323 2377 457 2457 ἕκαστος
478 2381 629 2461 ποιήσειν
650 2380 794 2461 ἐλπίζων,
822 2380 880 2444 τὸν
902 2380 937 2443 δὲ
959 2378 1098 2461 πλησίον

119 2482 219 2544 πάνθ
242 2481 326 2567 ὑπὲρ
349 2481 454 2546 αὑτοῦ
475 2481 619 2566 πράξειν,
642 2484 698 2546 καί
712 2483 754 2546 τὰ
777 2483 901 2566 ὑμέτερ’
918 2481 1029 2545 αὐτῶν
1046 2502 1097 2543 κο-

120 2588 252 2666 μιεῖσθ’,
276 2585 318 2649 ἂν
339 2585 417 2660 θεὸς
430 2586 522 2670 θέλη,
544 2588 600 2649 καί
614 2586 655 2648 τὰ
669 2586 986 2670 κατερρᾳθυμημένα
1000 2585 1099 2647 πάλιν

122 2689 331 2770 ἀναλήψεσθε
352 2689 507 2752 κάκεῖνον
534 2687 769 2772 τιμωρήσεσθε.
814 2687 857 2769 μή
880 2689 944 2770 γὰρ
967 2685 1011 2763 ὡς
1033 2693 1127 2772 θεῷὸ

121 2787 255 2874 νομίζετ’
279 2791 392 2877 ἐκείνῳ
414 2793 454 2855 τὰ
472 2794 623 2876 παρόντα
638 2791 817 2873 πεπηγέναι
835 2793 998 2874 πράγματ’
1015 2791 1097 2854 άθά-

121 2917 216 2974 νατα,
240 2895 322 2958 ἀλλὰ
336 2896 392 2959 καλ
406 2904 496 2978 μισεῖ
510 2919 559 2971 τις
573 2895 700 2959 ἐκεῖνον
721 2894 776 2957 καί
798 2894 916 2973 δέδιεν,
940 2888 966 2955 ὦ
983 2894 1100 2976 ἄνδρες

119 2995 297 3080 Ἀθηναῖοι,
320 3000 376 3062 καί
398 3004 518 3082 φθονεῖ
547 3000 602 3062 καί
625 3008 691 3061 τῶν
713 2999 802 3061 πάνυ
824 3006 887 3060 νῦν
910 2997 1100 3061 δοκούντων

124 3102 250 3178 οἰκείως
265 3102 363 3185 έχειν·
385 3104 441 3166 καί
464 3103 583 3167 ἅπανθ’
602 3105 664 3166 ὅσα
685 3124 746 3185 περ
768 3102 823 3164 καί
839 3102 876 3166 ἐν
892 3104 1000 3176 ἄλλοις
1014 3101 1101 3164 τισίν

124 3205 312 3289 ἀνθρώποις
334 3206 393 3286 ένι,
416 3217 520 3270 ταῦτα
534 3207 597 3269 κάν
611 3216 680 3281 τοῖς
695 3208 761 3288 μετ’
777 3205 905 3270 ἐκείνου
927 3205 987 3289 χρή
1010 3205 1098 3286 νομί-

126 3311 188 3387 ζειν
210 3307 340 3373 ἐνεῖναι.
374 3312 549 3393 κατέπτηχε
564 3311 676 3392 μέντοι
698 3310 806 3372 πάντα
827 3318 931 3373 ταῦτα
953 3317 1016 3372 νῦν
1038 3308 1101 3370 οὑκ

126 3409 225 3496 ἔχοντ’
249 3412 461 3497 ἀποστροφήν
491 3414 547 3476 διά
569 3412 631 3494 τήν
651 3411 813 3493 ὑμετέραν
833 3412 1022 3494 βραδυτῆτα
1044 3411 1100 3472 καί

125 3513 302 3601 ρᾳθυμίαν,
326 3516 368 3599 ἣν
389 3516 576 3581 ὑποθέσθαι
598 3517 682 3599 φημί
704 3517 775 3579 δεῖν
795 3515 869 3595 ἤδη.
908 3514 1005 3595 ὑροῖτε
1025 3514 1128 3592 χάρ,ο
