2484 3992
257 272 370 334 ΠΕΡΙ
390 271 490 333 ΤΩΝ
505 273 575 334 ΕΝ
591 271 898 337 ΧΕΡΡΟΝΗΣΩΙ.
1025 270 1063 334 81

88 460 219 544 τροφὴν
240 460 342 543 ταύτῃ
364 462 563 544 πορίσαντας
584 461 640 525 καί
661 463 779 544 ταμίας
799 461 856 524 καί
878 462 1066 544 δημοσίους,

86 565 145 628 καλ
160 565 249 638 ὅπως
264 563 314 627 ένι
324 562 384 646 τήν
394 572 460 628 τῶν
474 566 649 647 χρημάτων
663 563 816 648 φυλακήν
831 564 1065 649 ἀκριβεστάτην

88 669 263 750 γενέσθαι,
297 668 385 731 οὕτω
406 668 616 750 ποιήσαντας,
645 668 704 732 τὸν
725 668 786 750 μέν
807 677 874 732 τῶν
894 670 1069 752 χρημάτων

89 772 191 853 λόγον
223 771 313 854 παρά
334 772 461 835 τούτων
488 772 682 853 λαμβάνειν,
714 771 773 834 τδν
804 772 841 835 δέ
868 779 935 835 τῶν
963 772 1068 853 ἔργων

88 876 180 959 παρὰ
202 885 263 939 τοῦ
287 883 479 958 στρατηγοῦ.
523 868 587 939 κᾶν
608 875 696 939 οὕτω
717 875 873 958 ποιήσητε
901 876 957 939 καί
977 879 1067 939 ταῦτ’

89 975 265 1060 ἐθελήσηθ’
301 976 344 1053 ὡς
377 978 517 1058 άληθῶς,
553 981 645 1059 ἄγειν
677 978 812 1062 εἰρήνην
844 978 977 1042 δικαίαν
1010 979 1066 1042 καί

88 1083 203 1163 μένειν
225 1080 278 1144 ἐπὶ
299 1089 356 1163 της
371 1080 474 1144 αὑτοῦ
493 1082 657 1144 Φίλιππον
671 1081 879 1163 ἀναγκάσετε,
903 1080 945 1145 οὗ
958 1083 1068 1165 μεῖζον

90 1185 192 1249 οὐδὲν
216 1183 258 1248 ἂν
279 1185 395 1266 γένοιτ’
421 1183 559 1266 άγαθόν,
582 1182 602 1265 ή
625 1184 814 1267 πολεμήσετ’
838 1182 870 1261 ἐξ
893 1188 976 1248 ίσου.

194 1289 238 1351 El
270 1287 308 1352 δέ
334 1309 380 1373 τοι
414 1288 504 1351 δοκεῖ
535 1296 639 1351 ταῦτα
671 1289 726 1350 καὶ
753 1290 903 1370 δαπάνης
928 1290 1069 1371 μεγάλης
1077 1304 1111 1354 48

88 1395 146 1458 καί
178 1394 293 1456 πόνων
319 1394 449 1456 πολλῶν
476 1392 533 1456 καί
554 1395 776 1476 πραγματείας
798 1389 893 1472 είυαι,
914 1393 972 1458 καλ
992 1394 1067 1476 μάλ’

90 1495 203 1580 ὀρθῶς
232 1497 336 1560 δοκεῖ·
367 1495 433 1558 άλλ’
462 1493 521 1558 ἐὰν
545 1496 713 1577 λογίσηται
739 1496 781 1558 τά
808 1503 847 1578 τῇ
873 1497 965 1561 πόλει
987 1496 1068 1579 μετὰ

88 1607 197 1665 ταῦτα
218 1599 429 1681 γενησόμενα,
451 1590 494 1661 ἂν
514 1606 619 1661 ταῦτα
640 1598 684 1679 μή
706 1598 804 1680 θέλη,
826 1597 958 1683 εὑρήσει
979 1601 1066 1662 λυσι-

88 1707 209 1768 τελοῦν
240 1701 278 1766 τὸ
311 1700 445 1777 ἑκόντας
475 1710 583 1765 ποιεῖν
609 1705 650 1763 τά
678 1701 804 1765 δέοντα.
850 1702 878 1765 εί
910 1701 972 1784 μὲν
1003 1704 1068 1786 γάρ
1076 1718 1110 1767 49

88 1806 161 1872 ἐστί
174 1829 225 1881 τις
247 1804 408 1888 ἐγγυητής
421 1809 511 1868 θεῶν
534 1803 587 1884 (οὐ
610 1803 674 1888 γὰρ
697 1804 885 1887 ἀνθρώπων
906 1808 934 1886 γ
959 1805 1068 1882 οὐδεὶς

89 1911 134 1975 ἂν
155 1910 273 1991 γένοιτ’
296 1906 467 1993 άξιόγρεοις
495 1908 688 1989 τηλικούτου
716 1909 933 1992 πράγματος),
962 1906 1006 1983 ὡς
1028 1908 1070 1972 ἂν

89 2016 189 2095 ἄγηθ’
212 2011 351 2096 ήσυγίαν
372 2012 429 2075 καὶ
451 2010 578 2075 ἅπαντα
600 2011 762 2095 πρόησθε,
792 2009 854 2074 οὐκ
875 2010 924 2075 ἐπ’
947 2012 1069 2086 αὐτοὺς

88 2117 179 2199 ὑμᾶς
200 2118 357 2180 τελευτῶν
378 2114 501 2191 ἐκεῖνος
522 2112 600 2197 ήξει,
624 2114 757 2198 αἰσχρὸν
778 2114 848 2198 μέν,
875 2114 916 2197 νὴ
931 2115 990 2179 τὸν
1000 2116 1068 2178 Δία

87 2221 149 2284 καλ
169 2221 294 2296 πάντας
314 2220 425 2297 θεούς,
452 2219 509 2282 καί
531 2216 665 2296 άνάξιον
686 2218 781 2300 ὑμῶν
801 2220 944 2283 καὶτῶν
965 2218 1068 2301 ὑπαρ-

89 2326 218 2408 χόντων
239 2332 278 2408 τή
305 2325 398 2388 πόλει
430 2323 486 2386 καί
517 2323 756 2404 πεπραγμένων
788 2332 857 2398 τοῖς
882 2323 1067 2404 προγόνοις,

89 2437 150 2511 τής
172 2428 257 2504 ἰδίας
278 2427 375 2492 ἕνεκα
395 2426 562 2511 ῥᾳθυμίας
583 2426 662 2501 τοὺς
683 2428 802 2501 άλλους
815 2427 941 2501 πάντας
958 2425 1068 2508 Ἕλλη-

89 2555 155 2608 νας
187 2533 233 2607 είς
266 2532 419 2596 δουλείαν
450 2531 621 2615 προέσθαι,
658 2530 715 2594 καλ
748 2526 840 2612 ἔγωγ’
877 2529 975 2606 αὐτὸς
1008 2530 1069 2612 μὲν

90 2637 258 2701 τεθνάναι.
283 2638 406 2718 μάλλον
439 2634 480 2699 ἂν
510 2634 531 2716 ή
560 2638 649 2699 ταῦτ’
679 2635 843 2720 εἰρηκέναι
870 2635 1068 2718 βουλοίμην·

92 2740 135 2802 οὐ
157 2738 224 2821 μήν
246 2739 313 2802 ἀλλ’
336 2741 369 2803 εί
387 2761 436 2814 τις
458 2740 554 2814 ἄλλος
568 2738 653 2819 λέγει
667 2739 723 2802 καί
737 2738 823 2820 ὑμᾶς
836 2740 954 2818 πείθει,
977 2738 1068 2818 ἐστον,

93 2841 137 2924 μή
172 2841 341 2924 άμόνεσθ,
370 2840 498 2905 ἅπαντα
525 2843 676 2926 πρόεσθε.
721 2841 751 2904 εί
778 2840 814 2903 δὲ
843 2840 960 2923 μηδενί
988 2840 1067 2922 μήτε
1078 2855 1112 2904 50

91 2949 191 3010 τοῦτο
219 2947 322 3025 δοκεῖ,
356 2946 552 3010 τούναντίον
578 2967 612 3009 τε
641 2947 800 3028 πρόϊσμεν
829 2945 985 3023 ἅπαντες,
1020 2946 1070 3008 ότι

94 3049 161 3133 ὅσῳ
191 3048 233 3112 ἂν
259 3049 420 3112 πλειόνων
442 3047 590 3131 ἐάσωμεν
611 3047 738 3112 ἐκεῖνον
766 3048 920 3131 γενέσθαι
941 3048 1069 3130 κύριον,

92 3153 242 3238 τοσούτῳ
252 3153 462 3237 χαλεπωτέρῳ
480 3153 536 3215 καὶ
553 3151 751 3236 ἰσχυροτέρῳ
765 3148 939 3235 χρησόμεθ’
953 3149 1070 3236 ἐχθρῷ,

92 3264 154 3318 ποῖ
179 3254 398 3337 ἀναδυόμεθ,
429 3253 450 3336 ή
479 3256 512 3318 τί
540 3255 697 3336 μέλλομεν
702 3277 716 3335 ,·
748 3254 872 3336 ήπότ’,
903 3249 1070 3338 ὦάνδρες

90 3354 278 3438 Ἀθηναῖοι,
310 3358 351 3421 τὰ
379 3357 497 3422 δέοντα
529 3367 637 3422 ποιεῖν
670 3356 883 3439 ἐθελήσομεν,
917 3356 997 3420 όταν
1028 3356 1112 3438 νὴσι

93 3460 153 3527 Δί’
179 3462 361 3544 ἀναγκαῖον
389 3451 422 3548 ᾖ
467 3462 534 3526 ἀλλ’
567 3463 610 3543 ἣν
642 3460 703 3543 μὲν
737 3465 779 3526 ἄν
805 3483 855 3535 τις
887 3458 1072 3543 ἐλευθέρων

95 3566 284 3650 ἀνθρώπων
312 3564 459 3647 ἀνάγκην
486 3567 587 3645 είποι,
622 3562 662 3627 οὐ
691 3565 795 3647 μόνον
821 3563 885 3645 ήδη
907 3563 1081 3645 κάρεστιυ,1

153 3680 362 3724 υεκοεεεεεεο.
899 3665 916 3714 6
