2484 3992
161 228 204 291 64
429 229 487 293 Vl.
512 229 869 293 ΔΗΜΟΣΘΕΝΟΤΣ

157 418 185 481 δ’
209 416 294 501 ὑμᾶς
315 417 572 502 ὑπολαμβάνων,
606 419 742 495 δικαίως
765 418 867 484 αὑτὸν
888 429 997 502 μισεῖν
1018 420 1147 502 νομίζει

158 522 214 585 καὶ
235 523 455 607 παρώξυνται,
477 524 651 588 πείσεσθαί
670 546 701 588 τι
723 524 928 606 προσδοκῶν,
957 516 1002 588 ἀν
1022 523 1147 607 καιρὸν

114 626 290 708 ιυλάβητε,
320 619 363 688 ἀν
385 628 429 709 μὴ
452 629 565 710 φθάση
592 627 732 708 ποιήσας
758 626 923 709 πρότερος.
969 626 1027 689 διά
1048 625 1146 689 ταῦτ’

159 726 324 812 ἐγρήγορ,
357 728 549 812 ἐφέστηκεν,
583 728 637 793 ἐπὶ
659 738 698 812 τῇ
719 729 812 792 πόλει
838 729 1017 812 θεραπεύει
1039 728 1148 807 τινάς,

158 832 324 914 Θηβαίους
338 832 394 895 καὶ
409 833 690 914 Πηλοποννησίων
704 832 782 906 τοὺς
796 831 900 895 ταύτά
915 830 1146 913 βουλομένους

154 937 290 1015 τούτοις,
314 938 372 1011 οὓς
394 935 450 998 διὰ
473 936 533 1018 μὲν
546 934 736 1011 πλεονεξίαν
750 935 791 997 τὰ
805 929 940 1018 παρόντ’
957 932 1146 1016 ἀγαπήσειν

155 1041 267 1117 οίεται,
290 1039 346 1101 διὰ
362 1037 398 1101 δὲ
414 1039 590 1120 σκαιότητα
604 1039 736 1121 τρόπον
749 1046 815 1101 τῶν
831 1036 911 1120 μετὰ
925 1039 1014 1099 ταῦτ
1036 1034 1143 1099 οὐδὲν

154 1142 371 1223 προόψεσθαι.
395 1144 501 1205 καίτοι
517 1144 729 1225 σωφρονοῦσί
741 1162 779 1223 γε
794 1141 850 1203 καλ
865 1140 1002 1223 μετρίοις
1015 1137 1142 1222 ἐναργῆ

155 1245 388 1327 παραδείγματ’
405 1244 494 1309 ἐστιν
516 1245 608 1325 ίδεῑυ,
632 1247 653 1307 ἃ
675 1244 834 1327 καὶπρὸς
848 1244 1058 1325 Μεσσηνίους
1081 1244 1142 1305 καὶ

154 1347 235 1429 πρὸς
253 1342 419 1431 Ἀργείους
441 1348 542 1431 ἔμοιγ’
566 1349 670 1412 είπεῑυ
693 1348 824 1429 συνέβη,
853 1348 981 1428 βέλτιον
1003 1347 1033 1409 δ’
1056 1348 1141 1421 ἴσως

154 1451 311 1533 καὶπρὸς
334 1451 418 1534 ὑμᾶς
440 1448 501 1517 ἐστ’
526 1452 687 1535 εἰρῆσθαι.

109 1570 143 1617 20
260 1558 356 1637 ,Πῶς
377 1555 441 1637 γὰρ
462 1554 599 1636 οίεσθ’“,
622 1555 716 1639 ἐφην,
742 1551 787 1639 ,ὦ
808 1555 925 1637 ἀνδρες
941 1552 1140 1635 Μεσσήνιοι,

157 1659 321 1740 δυσχερῶς
353 1657 486 1723 ἀκούειν
512 1654 713 1738 Ὀλυνθίους,
747 1661 779 1721 εἴ
797 1660 845 1733 τίς
866 1679 898 1722 τι
930 1659 1019 1740 λέγοι
1051 1658 1140 1720 κατὰ
1235 1734 1236 1745 ρ

159 1761 326 1824 Φιλίππου
340 1759 410 1824 κατ’
427 1761 572 1837 ἐκείνους
586 1764 665 1837 τοὺς
679 1765 828 1845 χρόνους,
852 1763 898 1825 ὅτ’
911 1757 1140 1842 Ἀνθεμοῦντα
1235 1762 1236 1819 ἶ

152 1864 213 1947 μὲν
236 1865 347 1939 αὐτοῖς
369 1865 470 1948 ἀφίει,
493 1863 532 1946 ης
552 1868 672 1940 πάντες
695 1865 726 1929 οἱ
747 1865 908 1950 πρότερον
922 1864 1141 1940 Μακεδονίας
1235 1882 1236 1887 ’

152 1971 294 2051 βασιλεῖς
326 1968 577 2049 ἀντεποιοῦντο,
613 1970 812 2034 Ποτείδαιαν
845 1969 875 2032 δ’
909 1968 1022 2032 ἐδίδου
1056 1969 1139 2044 τοὺς

144 2069 330 2153 Ἀθηναίων
358 2072 515 2148 ἀποίκους
541 2071 722 2155 ἐκβάλλων,
755 2073 812 2136 καὶ
839 2072 900 2153 τὴν
929 2072 990 2154 μέν
1012 2072 1137 2154 ἔχθραν

150 2175 210 2258 τὴν
231 2175 312 2260 πρὸς
333 2174 418 2258 ἡμᾶς
441 2176 540 2252 αὐτὸς
562 2177 716 2261 ἀνῄρητο,
739 2176 800 2258 την
820 2177 930 2260 χώραν
953 2174 982 2237 δ’
998 2174 1137 2249 ἐκείνοις
1234 2160 1235 2177 ³

149 2280 301 2345 ἐδεδώκει
322 2287 551 2366 καρποῦσθαι,
573 2279 639 2366 ἀρα
652 2283 843 2366 προσδοκᾶν
859 2281 981 2356 αὐτοὺς
995 2284 1135 2344 τοιαῦτα

106 2401 137 2448 21
149 2387 329 2465 πείσεσθαι,
352 2386 373 2467 ἢ
391 2387 542 2468 λέγοντος
557 2389 599 2450 ἀν
613 2408 702 2461 τινος
723 2389 899 2450 πιστεῦσαι
913 2388 1023 2448 οἴεσθε
1027 2406 1042 2465 ,·
1064 2383 1132 2447 ἀλλ’

152 2486 271 2570 ὅμωςέ,
305 2489 389 2572 ἔφην
421 2489 501 2572 ἐγώ,
537 2489 675 2574 ,μικρὸν
705 2490 826 2574 χρόνον
863 2488 923 2570 την
959 2487 1134 2571 ἀλλοτρίαν
1198 2547 1207 2567 ,
1233 2480 1234 2509 ¹

148 2594 410 2674 καρπωσάμενοι,
426 2594 532 2657 πολὺν
547 2601 604 2675 τῆς
618 2592 729 2656 αὐτῶν
743 2592 797 2655 ὑπ’
810 2591 939 2656 ἐκείνου
952 2591 1131 2671 στέρονται,
1208 2586 1211 2589 ’

152 2695 292 2777 αἰσχρῶς
313 2695 512 2776 ἐκπεσόντες,
537 2696 577 2761 οὐ
592 2698 816 2780 ,κρατηθέντες
837 2697 951 2778 μόνον,
975 2693 1131 2758 ἀλλὰκαὶ

146 2798 365 2880 προδοθέντες
397 2799 451 2863 ὑπ’
488 2801 635 2883 ἀλλήλων
667 2802 723 2864 καὶ
754 2800 950 2884 πραθέντες·
990 2798 1033 2862 οὐ
1066 2798 1129 2880 γάρ

147 2902 302 2985 ἀσφαλεῖς
334 2912 405 2980 ταῖς
435 2905 612 2981 πολιτείαις
646 2905 680 2968 αἱ
716 2905 798 2988 πρὸς
834 2904 912 2979 τοὺς
943 2902 1129 2984 τυράννους

104 3019 136 3067 22
149 3003 246 3069 αὗται
266 3008 342 3071 λίαν
364 3006 495 3091 ὁμιλίαι.
539 3011 572 3072 τί
599 3008 628 3071 δ’
653 3009 684 3071 οί
708 3009 881 3088 Θετταλοί,
914 3002 965 3090 ἀρ’
992 3000 1127 3067 οἴεσθ’“ι

146 3108 238 3190 ἔφην,
264 3110 330 3194 ,δι’
354 3111 466 3186 αὐτοῖς
486 3111 564 3186 τοὺς
585 3112 770 3194 τυράννους
791 3108 937 3193 ἐξέβαλλε
959 3108 1016 3173 καὶ
1030 3111 1128 3172 πάλιν

145 3212 292 3275 Νίκαιαν
307 3213 363 3275 καὶ
378 3213 578 3296 Μαγνησίαν
600 3211 724 3292 ἐδίδου,
747 3214 937 3297 προσδοκᾶν
951 3210 1012 3293 τὴν
1033 3216 1126 3276 καθε-

148 3324 279 3381 στῶσαν
310 3320 375 3379 νῦν
408 3316 628 3400 δεκαδαρχίαν
664 3317 797 3381 ἔσεσθαι
829 3314 906 3399 παρ’
941 3314 1071 3397 αάτοῑς,·
1105 3314 1124 3395 ἢ

150 3418 209 3484 τὸν
228 3418 289 3500 τὴν
310 3419 454 3481 πυλαίαν
477 3418 654 3498 ἀποδόντα,
683 3423 804 3484 τοῦτον
828 3418 887 3493 τὰς
909 3418 996 3492 ἰδίας
1019 3418 1127 3483 αὐτῶν

146 3517 332 3603 προσόδους
353 3520 636 3601 παραιρήσεσθαι,
658 3520 720 3583 οὐκ
735 3520 803 3584 ἐστι
817 3526 930 3584 ταῦτα.
965 3521 1047 3584 ἀλλὰ
1061 3523 1125 3604 μην

16 3852 168 3936 fn
